[
  {
    "quarter": "2008Q1",
    "data": [
      {
        "stock": "AAPL",
        "sentiment_score": 0.6929,
        "revenue": 9.608,
        "operatingIncome": 2.126,
        "netIncome": 1.581,
        "mktcap": 175.5764,
        "sector": "Technology",
        "name": "Apple"
      },
      {
        "stock": "AXP",
        "sentiment_score": 0.3251,
        "revenue": 8.211,
        "operatingIncome": 1.461,
        "netIncome": 0.991,
        "mktcap": 50.6278,
        "sector": "Financials",
        "name": "American Express"
      },
      {
        "stock": "BA",
        "sentiment_score": 0.4238,
        "revenue": 15.99,
        "operatingIncome": 1.799,
        "netIncome": 1.211,
        "mktcap": 53.7259,
        "sector": "Industrials",
        "name": "Boeing"
      },
      {
        "stock": "CAT",
        "sentiment_score": 0.4038,
        "revenue": 11.796,
        "operatingIncome": 1.293,
        "netIncome": 0.922,
        "mktcap": 48.1303,
        "sector": "Industrials",
        "name": "Caterpillar"
      },
      {
        "stock": "CSCO",
        "sentiment_score": 0.4803,
        "revenue": 9.554,
        "operatingIncome": 2.488,
        "netIncome": 2.205,
        "mktcap": 144.595,
        "sector": "Technology",
        "name": "Cisco"
      },
      {
        "stock": "CVX",
        "sentiment_score": 0.3304,
        "revenue": 62.122,
        "operatingIncome": 8.418,
        "netIncome": 5.168,
        "mktcap": 178.4394,
        "sector": "Energy",
        "name": "Chevron"
      },
      {
        "stock": "DIS",
        "sentiment_score": 0.7227,
        "revenue": 10.452,
        "operatingIncome": 2.033,
        "netIncome": 1.25,
        "mktcap": 62.603,
        "sector": "Consumer Discretionary",
        "name": "Disney"
      },
      {
        "stock": "GE",
        "sentiment_score": 0.398,
        "revenue": 41.653,
        "operatingIncome": 5.705,
        "netIncome": 4.304,
        "mktcap": 368.8935,
        "sector": "Industrials",
        "name": "General Electric"
      },
      {
        "stock": "GS",
        "sentiment_score": 0.3086,
        "revenue": 18.629,
        "operatingIncome": 2.143,
        "netIncome": 1.511,
        "mktcap": 72.5338,
        "sector": "Financials",
        "name": "Goldman Sachs"
      },
      {
        "stock": "HD",
        "sentiment_score": 0.4672,
        "revenue": 18.545,
        "operatingIncome": 1.672,
        "netIncome": 1.046,
        "mktcap": 72.6915,
        "sector": "Consumer Discretionary",
        "name": "Home Depot"
      },
      {
        "stock": "IBM",
        "sentiment_score": 0.7537,
        "revenue": 24.502,
        "operatingIncome": 2.977,
        "netIncome": 2.319,
        "mktcap": 158.1423,
        "sector": "Technology",
        "name": "IBM"
      },
      {
        "stock": "INTC",
        "sentiment_score": 0.428,
        "revenue": 9.673,
        "operatingIncome": 2.391,
        "netIncome": 1.443,
        "mktcap": 118.9604,
        "sector": "Technology",
        "name": "Intel"
      },
      {
        "stock": "JNJ",
        "sentiment_score": 0.5289,
        "revenue": 16.194,
        "operatingIncome": 4.745,
        "netIncome": 3.598,
        "mktcap": 180.8291,
        "sector": "Healthcare",
        "name": "Johnson and Johnson"
      },
      {
        "stock": "JPM",
        "sentiment_score": 0.2823,
        "revenue": 26.763,
        "operatingIncome": 2.035,
        "netIncome": 2.373,
        "mktcap": 146.0662,
        "sector": "Financials",
        "name": "JP Morgan"
      },
      {
        "stock": "KO",
        "sentiment_score": 0.7028,
        "revenue": 7.379,
        "operatingIncome": 1.952,
        "netIncome": 1.5,
        "mktcap": 141.3808,
        "sector": "Consumer Staples",
        "name": "Coca Cola"
      },
      {
        "stock": "MCD",
        "sentiment_score": 0.7285,
        "revenue": 5.6148,
        "operatingIncome": 1.4633,
        "netIncome": 0.9461,
        "mktcap": 63.2153,
        "sector": "Consumer Discretionary",
        "name": "McDonald's"
      },
      {
        "stock": "MMM",
        "sentiment_score": 0.4516,
        "revenue": 6.463,
        "operatingIncome": 1.501,
        "netIncome": 0.988,
        "mktcap": 55.7444,
        "sector": "Industrials",
        "name": "3M"
      },
      {
        "stock": "MRK",
        "sentiment_score": 0.5051,
        "revenue": 5.8221,
        "operatingIncome": 1.6662,
        "netIncome": 3.3026,
        "mktcap": 81.4607,
        "sector": "Healthcare",
        "name": "Merck"
      },
      {
        "stock": "MSFT",
        "sentiment_score": 0.6014,
        "revenue": 13.762,
        "operatingIncome": 5.918,
        "netIncome": 4.289,
        "mktcap": 332.1124,
        "sector": "Technology",
        "name": "Microsoft"
      },
      {
        "stock": "NKE",
        "sentiment_score": 0.7831,
        "revenue": 4.6551,
        "operatingIncome": 0.6523,
        "netIncome": 0.5697,
        "mktcap": 28.0991,
        "sector": "Consumer Discretionary",
        "name": "Nike"
      },
      {
        "stock": "PFE",
        "sentiment_score": 0.5106,
        "revenue": 11.848,
        "operatingIncome": 4.218,
        "netIncome": 2.784,
        "mktcap": 138.6865,
        "sector": "Healthcare",
        "name": "Pfizer"
      },
      {
        "stock": "PG",
        "sentiment_score": 0.5548,
        "revenue": 20.199,
        "operatingIncome": 4.418,
        "netIncome": 3.079,
        "mktcap": 225.9499,
        "sector": "Consumer Staples",
        "name": "Proctor and Gamble"
      },
      {
        "stock": "TRV",
        "sentiment_score": 0.3987,
        "revenue": 6.232,
        "operatingIncome": 1.404,
        "netIncome": 0.967,
        "mktcap": 29.0402,
        "sector": "Financials",
        "name": "Travelers"
      },
      {
        "stock": "UNH",
        "sentiment_score": 0.4325,
        "revenue": 20.304,
        "operatingIncome": 1.713,
        "netIncome": 0.994,
        "mktcap": 42.091,
        "sector": "Healthcare",
        "name": "United Healthcare"
      },
      {
        "stock": "UTX",
        "sentiment_score": 0.399,
        "revenue": 13.958,
        "operatingIncome": 1.674,
        "netIncome": 1,
        "mktcap": 66.9759,
        "sector": "Industrials",
        "name": "United Technologies"
      },
      {
        "stock": "V",
        "sentiment_score": 0.4868,
        "revenue": 1.488,
        "operatingIncome": 0.686,
        "netIncome": 0.424,
        "mktcap": 59.8916,
        "sector": "Technology",
        "name": "Visa"
      },
      {
        "stock": "VZ",
        "sentiment_score": 0.6345,
        "revenue": 23.833,
        "operatingIncome": 4.333,
        "netIncome": 1.642,
        "mktcap": 103.9054,
        "sector": "Telecoms",
        "name": "Verizon"
      },
      {
        "stock": "WBA",
        "sentiment_score": 0.4099,
        "revenue": 14.0279,
        "operatingIncome": 0.7278,
        "netIncome": 0.4555,
        "mktcap": 36.2746,
        "sector": "Consumer Staples",
        "name": "Walgreen Boots"
      },
      {
        "stock": "WMT",
        "sentiment_score": 0.6234,
        "revenue": 86.41,
        "operatingIncome": 4.85,
        "netIncome": 2.826,
        "mktcap": 186.935,
        "sector": "Consumer Staples",
        "name": "Walmart"
      },
      {
        "stock": "XOM",
        "sentiment_score": 0.4627,
        "revenue": 104.791,
        "operatingIncome": 17.795,
        "netIncome": 10.89,
        "mktcap": 446.8361,
        "sector": "Energy",
        "name": "ExxonMobil"
      }
    ]
  },
  {
    "quarter": "2008Q2",
    "data": [
      {
        "stock": "AAPL",
        "sentiment_score": 0.5203,
        "revenue": 7.98,
        "operatingIncome": 1.448,
        "netIncome": 1.101,
        "mktcap": 126.0534,
        "sector": "Technology",
        "name": "Apple"
      },
      {
        "stock": "AXP",
        "sentiment_score": 0.3741,
        "revenue": 8.358,
        "operatingIncome": 0.774,
        "netIncome": 0.653,
        "mktcap": 43.6595,
        "sector": "Financials",
        "name": "American Express"
      },
      {
        "stock": "BA",
        "sentiment_score": 0.3679,
        "revenue": 16.962,
        "operatingIncome": 1.245,
        "netIncome": 0.852,
        "mktcap": 46.7748,
        "sector": "Industrials",
        "name": "Boeing"
      },
      {
        "stock": "CAT",
        "sentiment_score": 0.3147,
        "revenue": 13.624,
        "operatingIncome": 1.525,
        "netIncome": 1.106,
        "mktcap": 44.9354,
        "sector": "Industrials",
        "name": "Caterpillar"
      },
      {
        "stock": "CSCO",
        "sentiment_score": 0.46,
        "revenue": 9.831,
        "operatingIncome": 2.404,
        "netIncome": 2.06,
        "mktcap": 151.3472,
        "sector": "Technology",
        "name": "Cisco"
      },
      {
        "stock": "CVX",
        "sentiment_score": 0.2515,
        "revenue": 78.31,
        "operatingIncome": 9.738,
        "netIncome": 5.975,
        "mktcap": 203.6598,
        "sector": "Energy",
        "name": "Chevron"
      },
      {
        "stock": "DIS",
        "sentiment_score": 0.7391,
        "revenue": 8.71,
        "operatingIncome": 1.898,
        "netIncome": 1.133,
        "mktcap": 58.9372,
        "sector": "Consumer Discretionary",
        "name": "Disney"
      },
      {
        "stock": "GE",
        "sentiment_score": 0.5,
        "revenue": 46.84,
        "operatingIncome": 6.91,
        "netIncome": 5.072,
        "mktcap": 265.5129,
        "sector": "Industrials",
        "name": "General Electric"
      },
      {
        "stock": "GS",
        "sentiment_score": 0.288,
        "revenue": 17.643,
        "operatingIncome": 2.832,
        "netIncome": 2.087,
        "mktcap": 75.4858,
        "sector": "Financials",
        "name": "Goldman Sachs"
      },
      {
        "stock": "HD",
        "sentiment_score": 0.4826,
        "revenue": 22.184,
        "operatingIncome": 2.557,
        "netIncome": 1.587,
        "mktcap": 52.9188,
        "sector": "Consumer Discretionary",
        "name": "Home Depot"
      },
      {
        "stock": "IBM",
        "sentiment_score": 0.7459,
        "revenue": 26.821,
        "operatingIncome": 3.652,
        "netIncome": 2.765,
        "mktcap": 160.5892,
        "sector": "Technology",
        "name": "IBM"
      },
      {
        "stock": "INTC",
        "sentiment_score": 0.4314,
        "revenue": 9.47,
        "operatingIncome": 2.351,
        "netIncome": 1.601,
        "mktcap": 121.2036,
        "sector": "Technology",
        "name": "Intel"
      },
      {
        "stock": "JNJ",
        "sentiment_score": 0.5391,
        "revenue": 16.45,
        "operatingIncome": 4.256,
        "netIncome": 3.327,
        "mktcap": 177.7686,
        "sector": "Healthcare",
        "name": "Johnson and Johnson"
      },
      {
        "stock": "JPM",
        "sentiment_score": 0.3083,
        "revenue": 26.634,
        "operatingIncome": 3.462,
        "netIncome": 2.003,
        "mktcap": 117.8805,
        "sector": "Financials",
        "name": "JP Morgan"
      },
      {
        "stock": "KO",
        "sentiment_score": 0.5874,
        "revenue": 9.046,
        "operatingIncome": 2.776,
        "netIncome": 1.422,
        "mktcap": 119.7504,
        "sector": "Consumer Staples",
        "name": "Coca Cola"
      },
      {
        "stock": "MCD",
        "sentiment_score": 0.7353,
        "revenue": 6.0753,
        "operatingIncome": 1.6547,
        "netIncome": 1.1905,
        "mktcap": 63.2306,
        "sector": "Consumer Discretionary",
        "name": "McDonald's"
      },
      {
        "stock": "MMM",
        "sentiment_score": 0.5371,
        "revenue": 6.739,
        "operatingIncome": 1.472,
        "netIncome": 0.945,
        "mktcap": 48.6427,
        "sector": "Industrials",
        "name": "3M"
      },
      {
        "stock": "MRK",
        "sentiment_score": 0.386,
        "revenue": 6.0518,
        "operatingIncome": 1.5719,
        "netIncome": 1.7683,
        "mktcap": 80.7498,
        "sector": "Healthcare",
        "name": "Merck"
      },
      {
        "stock": "MSFT",
        "sentiment_score": 0.6028,
        "revenue": 16.367,
        "operatingIncome": 6.481,
        "netIncome": 4.707,
        "mktcap": 264.2178,
        "sector": "Technology",
        "name": "Microsoft"
      },
      {
        "stock": "NKE",
        "sentiment_score": 0.7582,
        "revenue": 4.3395,
        "operatingIncome": 0.4916,
        "netIncome": 0.3594,
        "mktcap": 32.6412,
        "sector": "Consumer Discretionary",
        "name": "Nike"
      },
      {
        "stock": "PFE",
        "sentiment_score": 0.5944,
        "revenue": 12.129,
        "operatingIncome": 3.752,
        "netIncome": 2.776,
        "mktcap": 116.4844,
        "sector": "Healthcare",
        "name": "Pfizer"
      },
      {
        "stock": "PG",
        "sentiment_score": 0.6339,
        "revenue": 21.038,
        "operatingIncome": 4.59,
        "netIncome": 3.27,
        "mktcap": 213.9227,
        "sector": "Consumer Staples",
        "name": "Proctor and Gamble"
      },
      {
        "stock": "TRV",
        "sentiment_score": 0.3144,
        "revenue": 6.295,
        "operatingIncome": 1.378,
        "netIncome": 0.942,
        "mktcap": 25.7275,
        "sector": "Financials",
        "name": "Travelers"
      },
      {
        "stock": "UNH",
        "sentiment_score": 0.6285,
        "revenue": 20.272,
        "operatingIncome": 0.673,
        "netIncome": 0.337,
        "mktcap": 31.7625,
        "sector": "Healthcare",
        "name": "United Healthcare"
      },
      {
        "stock": "UTX",
        "sentiment_score": 0.436,
        "revenue": 15.944,
        "operatingIncome": 2.099,
        "netIncome": 1.275,
        "mktcap": 59.5008,
        "sector": "Industrials",
        "name": "United Technologies"
      },
      {
        "stock": "V",
        "sentiment_score": 0.4868,
        "revenue": 1.453,
        "operatingIncome": 0.641,
        "netIncome": 0.314,
        "mktcap": 78.0913,
        "sector": "Technology",
        "name": "Visa"
      },
      {
        "stock": "VZ",
        "sentiment_score": 0.6667,
        "revenue": 24.124,
        "operatingIncome": 4.546,
        "netIncome": 1.882,
        "mktcap": 100.8097,
        "sector": "Telecoms",
        "name": "Verizon"
      },
      {
        "stock": "WBA",
        "sentiment_score": 0.5731,
        "revenue": 15.394,
        "operatingIncome": 1.088,
        "netIncome": 0.686,
        "mktcap": 36.1616,
        "sector": "Consumer Staples",
        "name": "Walgreen Boots"
      },
      {
        "stock": "WMT",
        "sentiment_score": 0.5793,
        "revenue": 92.999,
        "operatingIncome": 5.283,
        "netIncome": 2.952,
        "mktcap": 181.0574,
        "sector": "Consumer Staples",
        "name": "Walmart"
      },
      {
        "stock": "XOM",
        "sentiment_score": 0.4302,
        "revenue": 124.238,
        "operatingIncome": 18.242,
        "netIncome": 11.68,
        "mktcap": 457.7472,
        "sector": "Energy",
        "name": "ExxonMobil"
      }
    ]
  },
  {
    "quarter": "2008Q3",
    "data": [
      {
        "stock": "AAPL",
        "sentiment_score": 0.6667,
        "revenue": 7.561,
        "operatingIncome": 1.535,
        "netIncome": 1.131,
        "mktcap": 150.6566,
        "sector": "Technology",
        "name": "Apple"
      },
      {
        "stock": "AXP",
        "sentiment_score": 0.3488,
        "revenue": 8.048,
        "operatingIncome": 1.078,
        "netIncome": 0.815,
        "mktcap": 41.0988,
        "sector": "Financials",
        "name": "American Express"
      },
      {
        "stock": "BA",
        "sentiment_score": 0.3455,
        "revenue": 15.293,
        "operatingIncome": 1.147,
        "netIncome": 0.695,
        "mktcap": 40.4863,
        "sector": "Industrials",
        "name": "Boeing"
      },
      {
        "stock": "CAT",
        "sentiment_score": 0.33,
        "revenue": 12.981,
        "operatingIncome": 1.173,
        "netIncome": 0.868,
        "mktcap": 35.9527,
        "sector": "Industrials",
        "name": "Caterpillar"
      },
      {
        "stock": "CSCO",
        "sentiment_score": 0.5929,
        "revenue": 9.791,
        "operatingIncome": 2.141,
        "netIncome": 1.773,
        "mktcap": 132.18,
        "sector": "Technology",
        "name": "Cisco"
      },
      {
        "stock": "CVX",
        "sentiment_score": 0.3971,
        "revenue": 73.615,
        "operatingIncome": 11.666,
        "netIncome": 7.893,
        "mktcap": 167.5821,
        "sector": "Energy",
        "name": "Chevron"
      },
      {
        "stock": "DIS",
        "sentiment_score": 0.5892,
        "revenue": 9.236,
        "operatingIncome": 2.021,
        "netIncome": 1.284,
        "mktcap": 59.0264,
        "sector": "Consumer Discretionary",
        "name": "Disney"
      },
      {
        "stock": "GE",
        "sentiment_score": 0.3547,
        "revenue": 46.69,
        "operatingIncome": 4.86,
        "netIncome": 4.312,
        "mktcap": 253.8641,
        "sector": "Industrials",
        "name": "General Electric"
      },
      {
        "stock": "GS",
        "sentiment_score": 0.2473,
        "revenue": 13.625,
        "operatingIncome": 0.96,
        "netIncome": 0.845,
        "mktcap": 70.1797,
        "sector": "Financials",
        "name": "Goldman Sachs"
      },
      {
        "stock": "HD",
        "sentiment_score": 0.3773,
        "revenue": 18.961,
        "operatingIncome": 1.764,
        "netIncome": 1.091,
        "mktcap": 51.4605,
        "sector": "Consumer Discretionary",
        "name": "Home Depot"
      },
      {
        "stock": "IBM",
        "sentiment_score": 0.6274,
        "revenue": 25.301,
        "operatingIncome": 3.735,
        "netIncome": 2.824,
        "mktcap": 157.1308,
        "sector": "Technology",
        "name": "IBM"
      },
      {
        "stock": "INTC",
        "sentiment_score": 0.4208,
        "revenue": 10.217,
        "operatingIncome": 3.132,
        "netIncome": 2.014,
        "mktcap": 106.7904,
        "sector": "Technology",
        "name": "Intel"
      },
      {
        "stock": "JNJ",
        "sentiment_score": 0.5892,
        "revenue": 15.921,
        "operatingIncome": 4.091,
        "netIncome": 3.31,
        "mktcap": 192.9547,
        "sector": "Healthcare",
        "name": "Johnson and Johnson"
      },
      {
        "stock": "JPM",
        "sentiment_score": 0.2618,
        "revenue": 23.069,
        "operatingIncome": -0.057,
        "netIncome": 0.527,
        "mktcap": 174.0484,
        "sector": "Financials",
        "name": "JP Morgan"
      },
      {
        "stock": "KO",
        "sentiment_score": 0.6696,
        "revenue": 8.393,
        "operatingIncome": 2.234,
        "netIncome": 1.89,
        "mktcap": 121.3338,
        "sector": "Consumer Staples",
        "name": "Coca Cola"
      },
      {
        "stock": "MCD",
        "sentiment_score": 0.652,
        "revenue": 6.2673,
        "operatingIncome": 1.8237,
        "netIncome": 1.1913,
        "mktcap": 68.7646,
        "sector": "Consumer Discretionary",
        "name": "McDonald's"
      },
      {
        "stock": "MMM",
        "sentiment_score": 0.4825,
        "revenue": 6.558,
        "operatingIncome": 1.513,
        "netIncome": 0.991,
        "mktcap": 47.3358,
        "sector": "Industrials",
        "name": "3M"
      },
      {
        "stock": "MRK",
        "sentiment_score": 0.4265,
        "revenue": 5.9439,
        "operatingIncome": 1.6546,
        "netIncome": 1.0927,
        "mktcap": 66.7237,
        "sector": "Healthcare",
        "name": "Merck"
      },
      {
        "stock": "MSFT",
        "sentiment_score": 0.4062,
        "revenue": 14.454,
        "operatingIncome": 4.409,
        "netIncome": 4.388,
        "mktcap": 251.744,
        "sector": "Technology",
        "name": "Microsoft"
      },
      {
        "stock": "NKE",
        "sentiment_score": 0.74,
        "revenue": 4.5444,
        "operatingIncome": 0.6447,
        "netIncome": 0.4638,
        "mktcap": 30.2023,
        "sector": "Consumer Discretionary",
        "name": "Nike"
      },
      {
        "stock": "PFE",
        "sentiment_score": 0.5697,
        "revenue": 11.973,
        "operatingIncome": 4.389,
        "netIncome": 2.278,
        "mktcap": 125.8232,
        "sector": "Healthcare",
        "name": "Pfizer"
      },
      {
        "stock": "PG",
        "sentiment_score": 0.5905,
        "revenue": 20.026,
        "operatingIncome": 4.013,
        "netIncome": 2.71,
        "mktcap": 184.4195,
        "sector": "Consumer Staples",
        "name": "Proctor and Gamble"
      },
      {
        "stock": "TRV",
        "sentiment_score": 0.3,
        "revenue": 6.145,
        "operatingIncome": 0.283,
        "netIncome": 0.214,
        "mktcap": 26.5414,
        "sector": "Financials",
        "name": "Travelers"
      },
      {
        "stock": "UNH",
        "sentiment_score": 0.5,
        "revenue": 20.156,
        "operatingIncome": 1.598,
        "netIncome": 0.92,
        "mktcap": 30.4172,
        "sector": "Healthcare",
        "name": "United Healthcare"
      },
      {
        "stock": "UTX",
        "sentiment_score": 0.401,
        "revenue": 15.085,
        "operatingIncome": 2.049,
        "netIncome": 1.269,
        "mktcap": 57.094,
        "sector": "Industrials",
        "name": "United Technologies"
      },
      {
        "stock": "V",
        "sentiment_score": 0.4868,
        "revenue": 1.613,
        "operatingIncome": 0.698,
        "netIncome": 0.422,
        "mktcap": 51.9482,
        "sector": "Technology",
        "name": "Visa"
      },
      {
        "stock": "VZ",
        "sentiment_score": 0.6168,
        "revenue": 24.752,
        "operatingIncome": 4.173,
        "netIncome": 1.669,
        "mktcap": 91.1511,
        "sector": "Telecoms",
        "name": "Verizon"
      },
      {
        "stock": "WBA",
        "sentiment_score": 0.5971,
        "revenue": 15.015,
        "operatingIncome": 0.914,
        "netIncome": 0.572,
        "mktcap": 35.6556,
        "sector": "Consumer Staples",
        "name": "Walgreen Boots"
      },
      {
        "stock": "WMT",
        "sentiment_score": 0.7273,
        "revenue": 91.865,
        "operatingIncome": 4.961,
        "netIncome": 2.857,
        "mktcap": 201.59,
        "sector": "Consumer Staples",
        "name": "Walmart"
      },
      {
        "stock": "XOM",
        "sentiment_score": 0.5396,
        "revenue": 122.758,
        "operatingIncome": 21.359,
        "netIncome": 14.83,
        "mktcap": 395.0564,
        "sector": "Energy",
        "name": "ExxonMobil"
      }
    ]
  },
  {
    "quarter": "2008Q4",
    "data": [
      {
        "stock": "AAPL",
        "sentiment_score": 0.449,
        "revenue": 11.52,
        "operatingIncome": 3.146,
        "netIncome": 2.247,
        "mktcap": 113.9189,
        "sector": "Technology",
        "name": "Apple"
      },
      {
        "stock": "AXP",
        "sentiment_score": 0.3586,
        "revenue": 7.303,
        "operatingIncome": 0.268,
        "netIncome": 0.24,
        "mktcap": 21.518,
        "sector": "Financials",
        "name": "American Express"
      },
      {
        "stock": "BA",
        "sentiment_score": 0.2662,
        "revenue": 12.664,
        "operatingIncome": -0.245,
        "netIncome": -0.086,
        "mktcap": 29.7896,
        "sector": "Industrials",
        "name": "Boeing"
      },
      {
        "stock": "CAT",
        "sentiment_score": 0.2887,
        "revenue": 12.923,
        "operatingIncome": 0.457,
        "netIncome": 0.661,
        "mktcap": 26.8702,
        "sector": "Industrials",
        "name": "Caterpillar"
      },
      {
        "stock": "CSCO",
        "sentiment_score": 0.4189,
        "revenue": 10.364,
        "operatingIncome": 2.529,
        "netIncome": 2.014,
        "mktcap": 95.6418,
        "sector": "Technology",
        "name": "Cisco"
      },
      {
        "stock": "CVX",
        "sentiment_score": 0.4218,
        "revenue": 43.145,
        "operatingIncome": 3.698,
        "netIncome": 4.895,
        "mktcap": 148.253,
        "sector": "Energy",
        "name": "Chevron"
      },
      {
        "stock": "DIS",
        "sentiment_score": 0.5127,
        "revenue": 9.445,
        "operatingIncome": 1.452,
        "netIncome": 0.76,
        "mktcap": 60.7185,
        "sector": "Consumer Discretionary",
        "name": "Disney"
      },
      {
        "stock": "GE",
        "sentiment_score": 0.3634,
        "revenue": 46.32,
        "operatingIncome": 2.963,
        "netIncome": 3.722,
        "mktcap": 170.6977,
        "sector": "Industrials",
        "name": "General Electric"
      },
      {
        "stock": "GS",
        "sentiment_score": 0.2176,
        "revenue": 3.682,
        "operatingIncome": -3.599,
        "netIncome": -2.121,
        "mktcap": 38.3415,
        "sector": "Financials",
        "name": "Goldman Sachs"
      },
      {
        "stock": "HD",
        "sentiment_score": 0.3904,
        "revenue": 17.659,
        "operatingIncome": 1.249,
        "netIncome": 0.671,
        "mktcap": 51.1438,
        "sector": "Consumer Discretionary",
        "name": "Home Depot"
      },
      {
        "stock": "IBM",
        "sentiment_score": 0.6312,
        "revenue": 27.006,
        "operatingIncome": 5.574,
        "netIncome": 4.427,
        "mktcap": 112.6983,
        "sector": "Technology",
        "name": "IBM"
      },
      {
        "stock": "INTC",
        "sentiment_score": 0.3125,
        "revenue": 8.226,
        "operatingIncome": 1.79,
        "netIncome": 0.234,
        "mktcap": 78.8692,
        "sector": "Technology",
        "name": "Intel"
      },
      {
        "stock": "JNJ",
        "sentiment_score": 0.5389,
        "revenue": 15.182,
        "operatingIncome": 3.147,
        "netIncome": 2.714,
        "mktcap": 162.1631,
        "sector": "Healthcare",
        "name": "Johnson and Johnson"
      },
      {
        "stock": "JPM",
        "sentiment_score": 0.2694,
        "revenue": 25.025,
        "operatingIncome": -1.788,
        "netIncome": 0.702,
        "mktcap": 117.6952,
        "sector": "Financials",
        "name": "JP Morgan"
      },
      {
        "stock": "KO",
        "sentiment_score": 0.6703,
        "revenue": 7.126,
        "operatingIncome": 1.484,
        "netIncome": 0.995,
        "mktcap": 104.6642,
        "sector": "Consumer Staples",
        "name": "Coca Cola"
      },
      {
        "stock": "MCD",
        "sentiment_score": 0.5612,
        "revenue": 5.565,
        "operatingIncome": 1.5072,
        "netIncome": 0.9853,
        "mktcap": 69.3605,
        "sector": "Consumer Discretionary",
        "name": "McDonald's"
      },
      {
        "stock": "MMM",
        "sentiment_score": 0.2695,
        "revenue": 5.509,
        "operatingIncome": 0.755,
        "netIncome": 0.536,
        "mktcap": 39.9065,
        "sector": "Industrials",
        "name": "3M"
      },
      {
        "stock": "MRK",
        "sentiment_score": 0.4906,
        "revenue": 6.0325,
        "operatingIncome": 1.5464,
        "netIncome": 1.6448,
        "mktcap": 64.0738,
        "sector": "Healthcare",
        "name": "Merck"
      },
      {
        "stock": "MSFT",
        "sentiment_score": 0.4464,
        "revenue": 15.837,
        "operatingIncome": 5.679,
        "netIncome": 4.297,
        "mktcap": 239.5961,
        "sector": "Technology",
        "name": "Microsoft"
      },
      {
        "stock": "NKE",
        "sentiment_score": 0.7835,
        "revenue": 5.088,
        "operatingIncome": 0.6451,
        "netIncome": 0.4905,
        "mktcap": 33.5765,
        "sector": "Consumer Discretionary",
        "name": "Nike"
      },
      {
        "stock": "PFE",
        "sentiment_score": 0.581,
        "revenue": 12.346,
        "operatingIncome": 4.575,
        "netIncome": 0.266,
        "mktcap": 119.4717,
        "sector": "Healthcare",
        "name": "Pfizer"
      },
      {
        "stock": "PG",
        "sentiment_score": 0.5616,
        "revenue": 20.885,
        "operatingIncome": 3.736,
        "netIncome": 3.016,
        "mktcap": 208.0738,
        "sector": "Consumer Staples",
        "name": "Proctor and Gamble"
      },
      {
        "stock": "TRV",
        "sentiment_score": 0.2671,
        "revenue": 5.805,
        "operatingIncome": 1.021,
        "netIncome": 0.801,
        "mktcap": 26.4465,
        "sector": "Financials",
        "name": "Travelers"
      },
      {
        "stock": "UNH",
        "sentiment_score": 0.5784,
        "revenue": 20.454,
        "operatingIncome": 1.279,
        "netIncome": 0.726,
        "mktcap": 31.9466,
        "sector": "Healthcare",
        "name": "United Healthcare"
      },
      {
        "stock": "UTX",
        "sentiment_score": 0.33,
        "revenue": 14.77,
        "operatingIncome": 1.803,
        "netIncome": 1.145,
        "mktcap": 50.2094,
        "sector": "Industrials",
        "name": "United Technologies"
      },
      {
        "stock": "V",
        "sentiment_score": 0.4121,
        "revenue": 1.709,
        "operatingIncome": 0.685,
        "netIncome": -0.356,
        "mktcap": 36.3615,
        "sector": "Technology",
        "name": "Visa"
      },
      {
        "stock": "VZ",
        "sentiment_score": 0.581,
        "revenue": 24.645,
        "operatingIncome": 3.832,
        "netIncome": 1.235,
        "mktcap": 96.2936,
        "sector": "Telecoms",
        "name": "Verizon"
      },
      {
        "stock": "WBA",
        "sentiment_score": 0.5628,
        "revenue": 14.5968,
        "operatingIncome": 0.7112,
        "netIncome": 0.4433,
        "mktcap": 36.0357,
        "sector": "Consumer Staples",
        "name": "Walgreen Boots"
      },
      {
        "stock": "WMT",
        "sentiment_score": 0.7391,
        "revenue": 107.202,
        "operatingIncome": 6.858,
        "netIncome": 4.096,
        "mktcap": 228.657,
        "sector": "Consumer Staples",
        "name": "Walmart"
      },
      {
        "stock": "XOM",
        "sentiment_score": 0.6054,
        "revenue": 73.284,
        "operatingIncome": 8.894,
        "netIncome": 7.82,
        "mktcap": 397.2341,
        "sector": "Energy",
        "name": "ExxonMobil"
      }
    ]
  },
  {
    "quarter": "2009Q1",
    "data": [
      {
        "stock": "AAPL",
        "sentiment_score": 0.6027,
        "revenue": 11.88,
        "operatingIncome": 3.101,
        "netIncome": 2.255,
        "mktcap": 76.4065,
        "sector": "Technology",
        "name": "Apple"
      },
      {
        "stock": "AXP",
        "sentiment_score": 0.309,
        "revenue": 6.481,
        "operatingIncome": 0.544,
        "netIncome": 0.437,
        "mktcap": 15.9198,
        "sector": "Financials",
        "name": "American Express"
      },
      {
        "stock": "BA",
        "sentiment_score": 0.3779,
        "revenue": 16.502,
        "operatingIncome": 1.025,
        "netIncome": 0.61,
        "mktcap": 24.81,
        "sector": "Industrials",
        "name": "Boeing"
      },
      {
        "stock": "CAT",
        "sentiment_score": 0.4431,
        "revenue": 9.225,
        "operatingIncome": -0.175,
        "netIncome": -0.112,
        "mktcap": 16.8187,
        "sector": "Industrials",
        "name": "Caterpillar"
      },
      {
        "stock": "CSCO",
        "sentiment_score": 0.4175,
        "revenue": 10.331,
        "operatingIncome": 2.482,
        "netIncome": 2.201,
        "mktcap": 92.8612,
        "sector": "Technology",
        "name": "Cisco"
      },
      {
        "stock": "CVX",
        "sentiment_score": 0.4011,
        "revenue": 33.077,
        "operatingIncome": 2.038,
        "netIncome": 1.837,
        "mktcap": 134.7941,
        "sector": "Energy",
        "name": "Chevron"
      },
      {
        "stock": "DIS",
        "sentiment_score": 0.4474,
        "revenue": 9.599,
        "operatingIncome": 1.331,
        "netIncome": 0.845,
        "mktcap": 40.3609,
        "sector": "Consumer Discretionary",
        "name": "Disney"
      },
      {
        "stock": "GE",
        "sentiment_score": 0.4502,
        "revenue": 38.01,
        "operatingIncome": 2.832,
        "netIncome": 2.829,
        "mktcap": 107.0606,
        "sector": "Industrials",
        "name": "General Electric"
      },
      {
        "stock": "GS",
        "sentiment_score": 0.3059,
        "revenue": 11.88,
        "operatingIncome": 2.629,
        "netIncome": 1.814,
        "mktcap": 51.4572,
        "sector": "Financials",
        "name": "Goldman Sachs"
      },
      {
        "stock": "HD",
        "sentiment_score": 0.449,
        "revenue": 17.907,
        "operatingIncome": 0.728,
        "netIncome": 0.356,
        "mktcap": 40.6061,
        "sector": "Consumer Discretionary",
        "name": "Home Depot"
      },
      {
        "stock": "IBM",
        "sentiment_score": 0.719,
        "revenue": 21.711,
        "operatingIncome": 2.687,
        "netIncome": 2.295,
        "mktcap": 128.0302,
        "sector": "Technology",
        "name": "IBM"
      },
      {
        "stock": "INTC",
        "sentiment_score": 0.381,
        "revenue": 7.145,
        "operatingIncome": 0.647,
        "netIncome": 0.629,
        "mktcap": 86.1207,
        "sector": "Technology",
        "name": "Intel"
      },
      {
        "stock": "JNJ",
        "sentiment_score": 0.4262,
        "revenue": 15.026,
        "operatingIncome": 4.649,
        "netIncome": 3.507,
        "mktcap": 145.7554,
        "sector": "Healthcare",
        "name": "Johnson and Johnson"
      },
      {
        "stock": "JPM",
        "sentiment_score": 0.2773,
        "revenue": 29.584,
        "operatingIncome": 3.056,
        "netIncome": 2.141,
        "mktcap": 99.8805,
        "sector": "Financials",
        "name": "JP Morgan"
      },
      {
        "stock": "KO",
        "sentiment_score": 0.7154,
        "revenue": 7.169,
        "operatingIncome": 1.863,
        "netIncome": 1.348,
        "mktcap": 103.9706,
        "sector": "Consumer Staples",
        "name": "Coca Cola"
      },
      {
        "stock": "MCD",
        "sentiment_score": 0.6163,
        "revenue": 5.0774,
        "operatingIncome": 1.4004,
        "netIncome": 0.9795,
        "mktcap": 60.2016,
        "sector": "Consumer Discretionary",
        "name": "McDonald's"
      },
      {
        "stock": "MMM",
        "sentiment_score": 0.2924,
        "revenue": 5.089,
        "operatingIncome": 0.803,
        "netIncome": 0.518,
        "mktcap": 34.5248,
        "sector": "Industrials",
        "name": "3M"
      },
      {
        "stock": "MRK",
        "sentiment_score": 0.5365,
        "revenue": 5.3852,
        "operatingIncome": 1.13,
        "netIncome": 1.425,
        "mktcap": 56.4069,
        "sector": "Healthcare",
        "name": "Merck"
      },
      {
        "stock": "MSFT",
        "sentiment_score": 0.3472,
        "revenue": 15.061,
        "operatingIncome": 5.999,
        "netIncome": 4.373,
        "mktcap": 172.8022,
        "sector": "Technology",
        "name": "Microsoft"
      },
      {
        "stock": "NKE",
        "sentiment_score": 0.7389,
        "revenue": 5.4322,
        "operatingIncome": 0.7057,
        "netIncome": 0.5105,
        "mktcap": 29.408,
        "sector": "Consumer Discretionary",
        "name": "Nike"
      },
      {
        "stock": "PFE",
        "sentiment_score": 0.4811,
        "revenue": 10.867,
        "operatingIncome": 3.746,
        "netIncome": 2.729,
        "mktcap": 94.7416,
        "sector": "Healthcare",
        "name": "Pfizer"
      },
      {
        "stock": "PG",
        "sentiment_score": 0.4672,
        "revenue": 20.983,
        "operatingIncome": 4.386,
        "netIncome": 3.348,
        "mktcap": 181.1837,
        "sector": "Consumer Staples",
        "name": "Proctor and Gamble"
      },
      {
        "stock": "TRV",
        "sentiment_score": 0.4179,
        "revenue": 5.735,
        "operatingIncome": 0.819,
        "netIncome": 0.662,
        "mktcap": 23.7866,
        "sector": "Financials",
        "name": "Travelers"
      },
      {
        "stock": "UNH",
        "sentiment_score": 0.5891,
        "revenue": 22.004,
        "operatingIncome": 1.668,
        "netIncome": 0.984,
        "mktcap": 24.7183,
        "sector": "Healthcare",
        "name": "United Healthcare"
      },
      {
        "stock": "UTX",
        "sentiment_score": 0.318,
        "revenue": 12.249,
        "operatingIncome": 1.25,
        "netIncome": 0.722,
        "mktcap": 40.4887,
        "sector": "Industrials",
        "name": "United Technologies"
      },
      {
        "stock": "V",
        "sentiment_score": 0.3577,
        "revenue": 1.739,
        "operatingIncome": 0.966,
        "netIncome": 0.574,
        "mktcap": 46.9732,
        "sector": "Technology",
        "name": "Visa"
      },
      {
        "stock": "VZ",
        "sentiment_score": 0.6378,
        "revenue": 26.591,
        "operatingIncome": 4.694,
        "netIncome": 1.645,
        "mktcap": 85.7853,
        "sector": "Telecoms",
        "name": "Verizon"
      },
      {
        "stock": "WBA",
        "sentiment_score": 0.5879,
        "revenue": 14.947,
        "operatingIncome": 0.669,
        "netIncome": 0.408,
        "mktcap": 24.5039,
        "sector": "Consumer Staples",
        "name": "Walgreen Boots"
      },
      {
        "stock": "WMT",
        "sentiment_score": 0.6845,
        "revenue": 94.94,
        "operatingIncome": 5.317,
        "netIncome": 3.022,
        "mktcap": 230.6097,
        "sector": "Consumer Staples",
        "name": "Walmart"
      },
      {
        "stock": "XOM",
        "sentiment_score": 0.5843,
        "revenue": 56.222,
        "operatingIncome": 6.057,
        "netIncome": 4.55,
        "mktcap": 332.328,
        "sector": "Energy",
        "name": "ExxonMobil"
      }
    ]
  },
  {
    "quarter": "2009Q2",
    "data": [
      {
        "stock": "AAPL",
        "sentiment_score": 0.619,
        "revenue": 9.084,
        "operatingIncome": 2.323,
        "netIncome": 1.62,
        "mktcap": 95.3008,
        "sector": "Technology",
        "name": "Apple"
      },
      {
        "stock": "AXP",
        "sentiment_score": 0.3101,
        "revenue": 6.639,
        "operatingIncome": 0.418,
        "netIncome": 0.337,
        "mktcap": 27.6324,
        "sector": "Financials",
        "name": "American Express"
      },
      {
        "stock": "BA",
        "sentiment_score": 0.3701,
        "revenue": 17.154,
        "operatingIncome": 1.529,
        "netIncome": 0.998,
        "mktcap": 29.6348,
        "sector": "Industrials",
        "name": "Boeing"
      },
      {
        "stock": "CAT",
        "sentiment_score": 0.338,
        "revenue": 7.975,
        "operatingIncome": 0.347,
        "netIncome": 0.371,
        "mktcap": 20.5275,
        "sector": "Industrials",
        "name": "Caterpillar"
      },
      {
        "stock": "CSCO",
        "sentiment_score": 0.4852,
        "revenue": 9.089,
        "operatingIncome": 1.773,
        "netIncome": 1.504,
        "mktcap": 106.3202,
        "sector": "Technology",
        "name": "Cisco"
      },
      {
        "stock": "CVX",
        "sentiment_score": 0.4337,
        "revenue": 37.613,
        "operatingIncome": 2.794,
        "netIncome": 1.745,
        "mktcap": 132.8652,
        "sector": "Energy",
        "name": "Chevron"
      },
      {
        "stock": "DIS",
        "sentiment_score": 0.5025,
        "revenue": 8.087,
        "operatingIncome": 0.982,
        "netIncome": 0.613,
        "mktcap": 33.8282,
        "sector": "Consumer Discretionary",
        "name": "Disney"
      },
      {
        "stock": "GE",
        "sentiment_score": 0.4595,
        "revenue": 39.074,
        "operatingIncome": 3.307,
        "netIncome": 2.689,
        "mktcap": 124.5466,
        "sector": "Industrials",
        "name": "General Electric"
      },
      {
        "stock": "GS",
        "sentiment_score": 0.386,
        "revenue": 15.189,
        "operatingIncome": 5.029,
        "netIncome": 3.435,
        "mktcap": 77.0233,
        "sector": "Financials",
        "name": "Goldman Sachs"
      },
      {
        "stock": "HD",
        "sentiment_score": 0.5066,
        "revenue": 20.99,
        "operatingIncome": 2.042,
        "netIncome": 1.202,
        "mktcap": 39.9851,
        "sector": "Consumer Discretionary",
        "name": "Home Depot"
      },
      {
        "stock": "IBM",
        "sentiment_score": 0.7103,
        "revenue": 23.25,
        "operatingIncome": 4.032,
        "netIncome": 3.103,
        "mktcap": 136.8825,
        "sector": "Technology",
        "name": "IBM"
      },
      {
        "stock": "INTC",
        "sentiment_score": 0.4574,
        "revenue": 8.024,
        "operatingIncome": -0.012,
        "netIncome": -0.398,
        "mktcap": 91.1751,
        "sector": "Technology",
        "name": "Intel"
      },
      {
        "stock": "JNJ",
        "sentiment_score": 0.4187,
        "revenue": 15.239,
        "operatingIncome": 4.354,
        "netIncome": 3.208,
        "mktcap": 155.8957,
        "sector": "Healthcare",
        "name": "Johnson and Johnson"
      },
      {
        "stock": "JPM",
        "sentiment_score": 0.2465,
        "revenue": 29.502,
        "operatingIncome": 4.072,
        "netIncome": 2.721,
        "mktcap": 133.8522,
        "sector": "Financials",
        "name": "JP Morgan"
      },
      {
        "stock": "KO",
        "sentiment_score": 0.7188,
        "revenue": 8.267,
        "operatingIncome": 2.438,
        "netIncome": 2.037,
        "mktcap": 113.1572,
        "sector": "Consumer Staples",
        "name": "Coca Cola"
      },
      {
        "stock": "MCD",
        "sentiment_score": 0.6389,
        "revenue": 5.6472,
        "operatingIncome": 1.6815,
        "netIncome": 1.0937,
        "mktcap": 62.7388,
        "sector": "Consumer Discretionary",
        "name": "McDonald's"
      },
      {
        "stock": "MMM",
        "sentiment_score": 0.4305,
        "revenue": 5.719,
        "operatingIncome": 1.191,
        "netIncome": 0.783,
        "mktcap": 41.9691,
        "sector": "Industrials",
        "name": "3M"
      },
      {
        "stock": "MRK",
        "sentiment_score": 0.5587,
        "revenue": 5.8999,
        "operatingIncome": 1.3838,
        "netIncome": 1.5563,
        "mktcap": 58.9639,
        "sector": "Healthcare",
        "name": "Merck"
      },
      {
        "stock": "MSFT",
        "sentiment_score": 0.3519,
        "revenue": 16.629,
        "operatingIncome": 5.939,
        "netIncome": 4.174,
        "mktcap": 163.4563,
        "sector": "Technology",
        "name": "Microsoft"
      },
      {
        "stock": "NKE",
        "sentiment_score": 0.5994,
        "revenue": 4.5901,
        "operatingIncome": 0.5032,
        "netIncome": 0.391,
        "mktcap": 25.7783,
        "sector": "Consumer Discretionary",
        "name": "Nike"
      },
      {
        "stock": "PFE",
        "sentiment_score": 0.5025,
        "revenue": 10.984,
        "operatingIncome": 3.121,
        "netIncome": 2.261,
        "mktcap": 102.5195,
        "sector": "Healthcare",
        "name": "Pfizer"
      },
      {
        "stock": "PG",
        "sentiment_score": 0.4862,
        "revenue": 19.763,
        "operatingIncome": 4.055,
        "netIncome": 5.004,
        "mktcap": 137.2533,
        "sector": "Consumer Staples",
        "name": "Proctor and Gamble"
      },
      {
        "stock": "TRV",
        "sentiment_score": 0.4316,
        "revenue": 6.162,
        "operatingIncome": 1.035,
        "netIncome": 0.74,
        "mktcap": 23.2902,
        "sector": "Financials",
        "name": "Travelers"
      },
      {
        "stock": "UNH",
        "sentiment_score": 0.5185,
        "revenue": 21.655,
        "operatingIncome": 1.44,
        "netIncome": 0.859,
        "mktcap": 28.752,
        "sector": "Healthcare",
        "name": "United Healthcare"
      },
      {
        "stock": "UTX",
        "sentiment_score": 0.4181,
        "revenue": 13.196,
        "operatingIncome": 1.637,
        "netIncome": 0.976,
        "mktcap": 48.9086,
        "sector": "Industrials",
        "name": "United Technologies"
      },
      {
        "stock": "V",
        "sentiment_score": 0.4686,
        "revenue": 1.647,
        "operatingIncome": 0.881,
        "netIncome": 0.536,
        "mktcap": 52.5998,
        "sector": "Technology",
        "name": "Visa"
      },
      {
        "stock": "VZ",
        "sentiment_score": 0.6706,
        "revenue": 26.861,
        "operatingIncome": 4.418,
        "netIncome": 1.483,
        "mktcap": 87.2921,
        "sector": "Telecoms",
        "name": "Verizon"
      },
      {
        "stock": "WBA",
        "sentiment_score": 0.599,
        "revenue": 16.475,
        "operatingIncome": 1.03,
        "netIncome": 0.64,
        "mktcap": 23.6622,
        "sector": "Consumer Staples",
        "name": "Walgreen Boots"
      },
      {
        "stock": "WMT",
        "sentiment_score": 0.7191,
        "revenue": 102.342,
        "operatingIncome": 5.813,
        "netIncome": 3.449,
        "mktcap": 218.9176,
        "sector": "Consumer Staples",
        "name": "Walmart"
      },
      {
        "stock": "XOM",
        "sentiment_score": 0.5197,
        "revenue": 65.951,
        "operatingIncome": 5.57,
        "netIncome": 3.95,
        "mktcap": 335.9875,
        "sector": "Energy",
        "name": "ExxonMobil"
      }
    ]
  },
  {
    "quarter": "2009Q3",
    "data": [
      {
        "stock": "AAPL",
        "sentiment_score": 0.5378,
        "revenue": 9.734,
        "operatingIncome": 2.632,
        "netIncome": 1.828,
        "mktcap": 127.5885,
        "sector": "Technology",
        "name": "Apple"
      },
      {
        "stock": "AXP",
        "sentiment_score": 0.4855,
        "revenue": 6.559,
        "operatingIncome": 0.918,
        "netIncome": 0.64,
        "mktcap": 40.3071,
        "sector": "Financials",
        "name": "American Express"
      },
      {
        "stock": "BA",
        "sentiment_score": 0.4292,
        "revenue": 16.688,
        "operatingIncome": -2.151,
        "netIncome": -1.564,
        "mktcap": 37.7513,
        "sector": "Industrials",
        "name": "Boeing"
      },
      {
        "stock": "CAT",
        "sentiment_score": 0.3304,
        "revenue": 7.298,
        "operatingIncome": 0.277,
        "netIncome": 0.404,
        "mktcap": 31.9646,
        "sector": "Industrials",
        "name": "Caterpillar"
      },
      {
        "stock": "CSCO",
        "sentiment_score": 0.507,
        "revenue": 8.162,
        "operatingIncome": 1.607,
        "netIncome": 1.348,
        "mktcap": 126.5758,
        "sector": "Technology",
        "name": "Cisco"
      },
      {
        "stock": "CVX",
        "sentiment_score": 0.4286,
        "revenue": 43.101,
        "operatingIncome": 4.757,
        "netIncome": 3.831,
        "mktcap": 141.158,
        "sector": "Energy",
        "name": "Chevron"
      },
      {
        "stock": "DIS",
        "sentiment_score": 0.5636,
        "revenue": 8.596,
        "operatingIncome": 1.577,
        "netIncome": 0.954,
        "mktcap": 42.6356,
        "sector": "Consumer Discretionary",
        "name": "Disney"
      },
      {
        "stock": "GE",
        "sentiment_score": 0.4182,
        "revenue": 37.361,
        "operatingIncome": 2.169,
        "netIncome": 2.494,
        "mktcap": 174.8319,
        "sector": "Industrials",
        "name": "General Electric"
      },
      {
        "stock": "GS",
        "sentiment_score": 0.4286,
        "revenue": 13.682,
        "operatingIncome": 4.794,
        "netIncome": 3.188,
        "mktcap": 94.8346,
        "sector": "Financials",
        "name": "Goldman Sachs"
      },
      {
        "stock": "HD",
        "sentiment_score": 0.5021,
        "revenue": 17.784,
        "operatingIncome": 1.323,
        "netIncome": 0.756,
        "mktcap": 36.5149,
        "sector": "Consumer Discretionary",
        "name": "Home Depot"
      },
      {
        "stock": "IBM",
        "sentiment_score": 0.834,
        "revenue": 23.566,
        "operatingIncome": 4.168,
        "netIncome": 3.214,
        "mktcap": 157.12,
        "sector": "Technology",
        "name": "IBM"
      },
      {
        "stock": "INTC",
        "sentiment_score": 0.5778,
        "revenue": 9.389,
        "operatingIncome": 2.579,
        "netIncome": 1.856,
        "mktcap": 106.9224,
        "sector": "Technology",
        "name": "Intel"
      },
      {
        "stock": "JNJ",
        "sentiment_score": 0.5132,
        "revenue": 15.081,
        "operatingIncome": 4.263,
        "netIncome": 3.345,
        "mktcap": 167.1913,
        "sector": "Healthcare",
        "name": "Johnson and Johnson"
      },
      {
        "stock": "JPM",
        "sentiment_score": 0.3263,
        "revenue": 30.145,
        "operatingIncome": 5.063,
        "netIncome": 3.588,
        "mktcap": 172.596,
        "sector": "Financials",
        "name": "JP Morgan"
      },
      {
        "stock": "KO",
        "sentiment_score": 0.632,
        "revenue": 8.044,
        "operatingIncome": 2.15,
        "netIncome": 1.896,
        "mktcap": 124.6552,
        "sector": "Consumer Staples",
        "name": "Coca Cola"
      },
      {
        "stock": "MCD",
        "sentiment_score": 0.6842,
        "revenue": 6.0467,
        "operatingIncome": 1.9328,
        "netIncome": 1.261,
        "mktcap": 61.5899,
        "sector": "Consumer Discretionary",
        "name": "McDonald's"
      },
      {
        "stock": "MMM",
        "sentiment_score": 0.5296,
        "revenue": 6.193,
        "operatingIncome": 1.478,
        "netIncome": 0.957,
        "mktcap": 52.2473,
        "sector": "Industrials",
        "name": "3M"
      },
      {
        "stock": "MRK",
        "sentiment_score": 0.5647,
        "revenue": 6.0497,
        "operatingIncome": 1.5975,
        "netIncome": 3.4243,
        "mktcap": 66.7133,
        "sector": "Healthcare",
        "name": "Merck"
      },
      {
        "stock": "MSFT",
        "sentiment_score": 0.3498,
        "revenue": 13.648,
        "operatingIncome": 4.438,
        "netIncome": 2.977,
        "mktcap": 211.7432,
        "sector": "Technology",
        "name": "Microsoft"
      },
      {
        "stock": "NKE",
        "sentiment_score": 0.622,
        "revenue": 4.4408,
        "operatingIncome": 0.1951,
        "netIncome": 0.2438,
        "mktcap": 20.1171,
        "sector": "Consumer Discretionary",
        "name": "Nike"
      },
      {
        "stock": "PFE",
        "sentiment_score": 0.5608,
        "revenue": 11.621,
        "operatingIncome": 4.131,
        "netIncome": 2.878,
        "mktcap": 132.3404,
        "sector": "Healthcare",
        "name": "Pfizer"
      },
      {
        "stock": "PG",
        "sentiment_score": 0.576,
        "revenue": 17.864,
        "operatingIncome": 3.553,
        "netIncome": 2.613,
        "mktcap": 149.0587,
        "sector": "Consumer Staples",
        "name": "Proctor and Gamble"
      },
      {
        "stock": "TRV",
        "sentiment_score": 0.4252,
        "revenue": 6.327,
        "operatingIncome": 1.348,
        "netIncome": 0.935,
        "mktcap": 26.9731,
        "sector": "Financials",
        "name": "Travelers"
      },
      {
        "stock": "UNH",
        "sentiment_score": 0.4596,
        "revenue": 21.695,
        "operatingIncome": 1.676,
        "netIncome": 1.035,
        "mktcap": 28.8711,
        "sector": "Healthcare",
        "name": "United Healthcare"
      },
      {
        "stock": "UTX",
        "sentiment_score": 0.3957,
        "revenue": 13.375,
        "operatingIncome": 1.771,
        "netIncome": 1.058,
        "mktcap": 57.1243,
        "sector": "Industrials",
        "name": "United Technologies"
      },
      {
        "stock": "V",
        "sentiment_score": 0.4973,
        "revenue": 1.646,
        "operatingIncome": 0.822,
        "netIncome": 0.729,
        "mktcap": 59.9875,
        "sector": "Technology",
        "name": "Visa"
      },
      {
        "stock": "VZ",
        "sentiment_score": 0.7619,
        "revenue": 27.265,
        "operatingIncome": 3.986,
        "netIncome": 1.176,
        "mktcap": 85.9864,
        "sector": "Telecoms",
        "name": "Verizon"
      },
      {
        "stock": "WBA",
        "sentiment_score": 0.5841,
        "revenue": 16.21,
        "operatingIncome": 0.846,
        "netIncome": 0.522,
        "mktcap": 29.563,
        "sector": "Consumer Staples",
        "name": "Walgreen Boots"
      },
      {
        "stock": "WMT",
        "sentiment_score": 0.6752,
        "revenue": 98.345,
        "operatingIncome": 5.292,
        "netIncome": 3.138,
        "mktcap": 184.946,
        "sector": "Consumer Staples",
        "name": "Walmart"
      },
      {
        "stock": "XOM",
        "sentiment_score": 0.625,
        "revenue": 73.285,
        "operatingIncome": 7.096,
        "netIncome": 4.73,
        "mktcap": 325.6917,
        "sector": "Energy",
        "name": "ExxonMobil"
      }
    ]
  },
  {
    "quarter": "2009Q4",
    "data": [
      {
        "stock": "AAPL",
        "sentiment_score": 0.7419,
        "revenue": 12.207,
        "operatingIncome": 3.684,
        "netIncome": 2.532,
        "mktcap": 164.0975,
        "sector": "Technology",
        "name": "Apple"
      },
      {
        "stock": "AXP",
        "sentiment_score": 0.5351,
        "revenue": 7.051,
        "operatingIncome": 0.961,
        "netIncome": 0.716,
        "mktcap": 48.2998,
        "sector": "Financials",
        "name": "American Express"
      },
      {
        "stock": "BA",
        "sentiment_score": 0.4641,
        "revenue": 17.937,
        "operatingIncome": 1.693,
        "netIncome": 1.268,
        "mktcap": 39.3141,
        "sector": "Industrials",
        "name": "Boeing"
      },
      {
        "stock": "CAT",
        "sentiment_score": 0.5625,
        "revenue": 7.898,
        "operatingIncome": 0.128,
        "netIncome": 0.232,
        "mktcap": 35.6029,
        "sector": "Industrials",
        "name": "Caterpillar"
      },
      {
        "stock": "CSCO",
        "sentiment_score": 0.5088,
        "revenue": 8.535,
        "operatingIncome": 1.46,
        "netIncome": 1.081,
        "mktcap": 139.0017,
        "sector": "Technology",
        "name": "Cisco"
      },
      {
        "stock": "CVX",
        "sentiment_score": 0.4155,
        "revenue": 45.502,
        "operatingIncome": 4.733,
        "netIncome": 3.07,
        "mktcap": 154.5745,
        "sector": "Energy",
        "name": "Chevron"
      },
      {
        "stock": "DIS",
        "sentiment_score": 0.5833,
        "revenue": 9.867,
        "operatingIncome": 1.657,
        "netIncome": 0.895,
        "mktcap": 49.4759,
        "sector": "Consumer Discretionary",
        "name": "Disney"
      },
      {
        "stock": "GE",
        "sentiment_score": 0.5188,
        "revenue": 40.94,
        "operatingIncome": 2.816,
        "netIncome": 3.013,
        "mktcap": 161.3323,
        "sector": "Industrials",
        "name": "General Electric"
      },
      {
        "stock": "GS",
        "sentiment_score": 0.3581,
        "revenue": 10.922,
        "operatingIncome": 7.377,
        "netIncome": 4.948,
        "mktcap": 91.6301,
        "sector": "Financials",
        "name": "Goldman Sachs"
      },
      {
        "stock": "HD",
        "sentiment_score": 0.6009,
        "revenue": 14.607,
        "operatingIncome": 0.266,
        "netIncome": -0.054,
        "mktcap": 43.8863,
        "sector": "Consumer Discretionary",
        "name": "Home Depot"
      },
      {
        "stock": "IBM",
        "sentiment_score": 0.7835,
        "revenue": 27.23,
        "operatingIncome": 6.124,
        "netIncome": 4.813,
        "mktcap": 170.8687,
        "sector": "Technology",
        "name": "IBM"
      },
      {
        "stock": "INTC",
        "sentiment_score": 0.5769,
        "revenue": 10.569,
        "operatingIncome": 2.497,
        "netIncome": 2.282,
        "mktcap": 112.2826,
        "sector": "Technology",
        "name": "Intel"
      },
      {
        "stock": "JNJ",
        "sentiment_score": 0.5325,
        "revenue": 16.551,
        "operatingIncome": 2.324,
        "netIncome": 2.206,
        "mktcap": 177.4058,
        "sector": "Healthcare",
        "name": "Johnson and Johnson"
      },
      {
        "stock": "JPM",
        "sentiment_score": 0.2649,
        "revenue": 26.401,
        "operatingIncome": 3.876,
        "netIncome": 3.278,
        "mktcap": 164.2614,
        "sector": "Financials",
        "name": "JP Morgan"
      },
      {
        "stock": "KO",
        "sentiment_score": 0.6609,
        "revenue": 7.51,
        "operatingIncome": 1.78,
        "netIncome": 1.543,
        "mktcap": 131.271,
        "sector": "Consumer Staples",
        "name": "Coca Cola"
      },
      {
        "stock": "MCD",
        "sentiment_score": 0.7295,
        "revenue": 5.9734,
        "operatingIncome": 1.8263,
        "netIncome": 1.2168,
        "mktcap": 67.2291,
        "sector": "Consumer Discretionary",
        "name": "McDonald's"
      },
      {
        "stock": "MMM",
        "sentiment_score": 0.5566,
        "revenue": 6.122,
        "operatingIncome": 1.342,
        "netIncome": 0.935,
        "mktcap": 58.7452,
        "sector": "Industrials",
        "name": "3M"
      },
      {
        "stock": "MRK",
        "sentiment_score": 0.6089,
        "revenue": 10.093,
        "operatingIncome": -1.724,
        "netIncome": 6.494,
        "mktcap": 113.5745,
        "sector": "Healthcare",
        "name": "Merck"
      },
      {
        "stock": "MSFT",
        "sentiment_score": 0.4087,
        "revenue": 13.099,
        "operatingIncome": 3.987,
        "netIncome": 3.045,
        "mktcap": 228.908,
        "sector": "Technology",
        "name": "Microsoft"
      },
      {
        "stock": "NKE",
        "sentiment_score": 0.5593,
        "revenue": 4.713,
        "operatingIncome": 0.4545,
        "netIncome": 0.3414,
        "mktcap": 27.6978,
        "sector": "Consumer Discretionary",
        "name": "Nike"
      },
      {
        "stock": "PFE",
        "sentiment_score": 0.5251,
        "revenue": 16.537,
        "operatingIncome": 0.169,
        "netIncome": 0.767,
        "mktcap": 146.7933,
        "sector": "Healthcare",
        "name": "Pfizer"
      },
      {
        "stock": "PG",
        "sentiment_score": 0.617,
        "revenue": 18.662,
        "operatingIncome": 3.573,
        "netIncome": 2.471,
        "mktcap": 169.2269,
        "sector": "Consumer Staples",
        "name": "Proctor and Gamble"
      },
      {
        "stock": "TRV",
        "sentiment_score": 0.4012,
        "revenue": 6.456,
        "operatingIncome": 1.891,
        "netIncome": 1.285,
        "mktcap": 25.9422,
        "sector": "Financials",
        "name": "Travelers"
      },
      {
        "stock": "UNH",
        "sentiment_score": 0.5833,
        "revenue": 21.784,
        "operatingIncome": 1.575,
        "netIncome": 0.944,
        "mktcap": 34.9606,
        "sector": "Healthcare",
        "name": "United Healthcare"
      },
      {
        "stock": "UTX",
        "sentiment_score": 0.3378,
        "revenue": 14.1,
        "operatingIncome": 1.807,
        "netIncome": 1.073,
        "mktcap": 65.0193,
        "sector": "Industrials",
        "name": "United Technologies"
      },
      {
        "stock": "V",
        "sentiment_score": 0.6182,
        "revenue": 1.879,
        "operatingIncome": 0.869,
        "netIncome": 0.514,
        "mktcap": 64.7204,
        "sector": "Technology",
        "name": "Visa"
      },
      {
        "stock": "VZ",
        "sentiment_score": 0.6597,
        "revenue": 27.091,
        "operatingIncome": 2.953,
        "netIncome": 0.617,
        "mktcap": 93.9457,
        "sector": "Telecoms",
        "name": "Verizon"
      },
      {
        "stock": "WBA",
        "sentiment_score": 0.6728,
        "revenue": 15.703,
        "operatingIncome": 0.702,
        "netIncome": 0.436,
        "mktcap": 33.4925,
        "sector": "Consumer Staples",
        "name": "Walgreen Boots"
      },
      {
        "stock": "WMT",
        "sentiment_score": 0.6807,
        "revenue": 108.747,
        "operatingIncome": 6.377,
        "netIncome": 3.792,
        "mktcap": 196.3895,
        "sector": "Consumer Staples",
        "name": "Walmart"
      },
      {
        "stock": "XOM",
        "sentiment_score": 0.6077,
        "revenue": 80.106,
        "operatingIncome": 7.516,
        "netIncome": 6.05,
        "mktcap": 322.3341,
        "sector": "Energy",
        "name": "ExxonMobil"
      }
    ]
  },
  {
    "quarter": "2010Q1",
    "data": [
      {
        "stock": "AAPL",
        "sentiment_score": 0.5149,
        "revenue": 15.683,
        "operatingIncome": 4.725,
        "netIncome": 3.378,
        "mktcap": 189.4492,
        "sector": "Technology",
        "name": "Apple"
      },
      {
        "stock": "AXP",
        "sentiment_score": 0.5583,
        "revenue": 7.158,
        "operatingIncome": 1.252,
        "netIncome": 0.885,
        "mktcap": 49.3882,
        "sector": "Financials",
        "name": "American Express"
      },
      {
        "stock": "BA",
        "sentiment_score": 0.4769,
        "revenue": 15.216,
        "operatingIncome": 1.174,
        "netIncome": 0.519,
        "mktcap": 52.9157,
        "sector": "Industrials",
        "name": "Boeing"
      },
      {
        "stock": "CAT",
        "sentiment_score": 0.4886,
        "revenue": 8.238,
        "operatingIncome": 0.508,
        "netIncome": 0.233,
        "mktcap": 39.4538,
        "sector": "Industrials",
        "name": "Caterpillar"
      },
      {
        "stock": "CSCO",
        "sentiment_score": 0.5344,
        "revenue": 9.021,
        "operatingIncome": 2.124,
        "netIncome": 1.787,
        "mktcap": 131.71,
        "sector": "Technology",
        "name": "Cisco"
      },
      {
        "stock": "CVX",
        "sentiment_score": 0.5222,
        "revenue": 44.669,
        "operatingIncome": 6.232,
        "netIncome": 4.552,
        "mktcap": 152.3153,
        "sector": "Energy",
        "name": "Chevron"
      },
      {
        "stock": "DIS",
        "sentiment_score": 0.5488,
        "revenue": 9.739,
        "operatingIncome": 1.336,
        "netIncome": 0.844,
        "mktcap": 60.4978,
        "sector": "Consumer Discretionary",
        "name": "Disney"
      },
      {
        "stock": "GE",
        "sentiment_score": 0.4381,
        "revenue": 35.854,
        "operatingIncome": 3.03,
        "netIncome": 1.945,
        "mktcap": 194.3126,
        "sector": "Industrials",
        "name": "General Electric"
      },
      {
        "stock": "GS",
        "sentiment_score": 0.2519,
        "revenue": 14.358,
        "operatingIncome": 5.159,
        "netIncome": 3.456,
        "mktcap": 87.7364,
        "sector": "Financials",
        "name": "Goldman Sachs"
      },
      {
        "stock": "HD",
        "sentiment_score": 0.6091,
        "revenue": 16.175,
        "operatingIncome": 0.98,
        "netIncome": 0.514,
        "mktcap": 44.2018,
        "sector": "Consumer Discretionary",
        "name": "Home Depot"
      },
      {
        "stock": "IBM",
        "sentiment_score": 0.7793,
        "revenue": 22.858,
        "operatingIncome": 2.791,
        "netIncome": 2.601,
        "mktcap": 164.4611,
        "sector": "Technology",
        "name": "IBM"
      },
      {
        "stock": "INTC",
        "sentiment_score": 0.5556,
        "revenue": 10.299,
        "operatingIncome": 3.448,
        "netIncome": 2.442,
        "mktcap": 123.1429,
        "sector": "Technology",
        "name": "Intel"
      },
      {
        "stock": "JNJ",
        "sentiment_score": 0.5674,
        "revenue": 15.631,
        "operatingIncome": 4.767,
        "netIncome": 4.526,
        "mktcap": 181.3827,
        "sector": "Healthcare",
        "name": "Johnson and Johnson"
      },
      {
        "stock": "JPM",
        "sentiment_score": 0.2973,
        "revenue": 30.806,
        "operatingIncome": 4.537,
        "netIncome": 3.326,
        "mktcap": 177.8972,
        "sector": "Financials",
        "name": "JP Morgan"
      },
      {
        "stock": "KO",
        "sentiment_score": 0.7551,
        "revenue": 7.525,
        "operatingIncome": 2.183,
        "netIncome": 1.614,
        "mktcap": 127.5218,
        "sector": "Consumer Staples",
        "name": "Coca Cola"
      },
      {
        "stock": "MCD",
        "sentiment_score": 0.6952,
        "revenue": 5.6101,
        "operatingIncome": 1.6741,
        "netIncome": 1.0898,
        "mktcap": 71.7774,
        "sector": "Consumer Discretionary",
        "name": "McDonald's"
      },
      {
        "stock": "MMM",
        "sentiment_score": 0.5597,
        "revenue": 6.348,
        "operatingIncome": 1.445,
        "netIncome": 0.93,
        "mktcap": 59.5911,
        "sector": "Industrials",
        "name": "3M"
      },
      {
        "stock": "MRK",
        "sentiment_score": 0.5952,
        "revenue": 11.422,
        "operatingIncome": 0.645,
        "netIncome": 0.299,
        "mktcap": 116.4439,
        "sector": "Healthcare",
        "name": "Merck"
      },
      {
        "stock": "MSFT",
        "sentiment_score": 0.5632,
        "revenue": 12.92,
        "operatingIncome": 4.482,
        "netIncome": 3.574,
        "mktcap": 268.5593,
        "sector": "Technology",
        "name": "Microsoft"
      },
      {
        "stock": "NKE",
        "sentiment_score": 0.6302,
        "revenue": 4.799,
        "operatingIncome": 0.67,
        "netIncome": 0.513,
        "mktcap": 26.9749,
        "sector": "Consumer Discretionary",
        "name": "Nike"
      },
      {
        "stock": "PFE",
        "sentiment_score": 0.5663,
        "revenue": 16.576,
        "operatingIncome": 3.561,
        "netIncome": 2.026,
        "mktcap": 137.7696,
        "sector": "Healthcare",
        "name": "Pfizer"
      },
      {
        "stock": "PG",
        "sentiment_score": 0.6832,
        "revenue": 19.807,
        "operatingIncome": 4.448,
        "netIncome": 3.307,
        "mktcap": 176.1055,
        "sector": "Consumer Staples",
        "name": "Proctor and Gamble"
      },
      {
        "stock": "TRV",
        "sentiment_score": 0.3445,
        "revenue": 6.119,
        "operatingIncome": 0.955,
        "netIncome": 0.647,
        "mktcap": 23.4423,
        "sector": "Financials",
        "name": "Travelers"
      },
      {
        "stock": "UNH",
        "sentiment_score": 0.5983,
        "revenue": 23.193,
        "operatingIncome": 2.016,
        "netIncome": 1.191,
        "mktcap": 37.0151,
        "sector": "Healthcare",
        "name": "United Healthcare"
      },
      {
        "stock": "UTX",
        "sentiment_score": 0.6119,
        "revenue": 12.04,
        "operatingIncome": 1.523,
        "netIncome": 0.866,
        "mktcap": 68.684,
        "sector": "Industrials",
        "name": "United Technologies"
      },
      {
        "stock": "V",
        "sentiment_score": 0.4765,
        "revenue": 1.96,
        "operatingIncome": 1.217,
        "netIncome": 0.763,
        "mktcap": 67.0891,
        "sector": "Technology",
        "name": "Visa"
      },
      {
        "stock": "VZ",
        "sentiment_score": 0.7053,
        "revenue": 26.913,
        "operatingIncome": 4.441,
        "netIncome": 0.443,
        "mktcap": 87.6852,
        "sector": "Telecoms",
        "name": "Verizon"
      },
      {
        "stock": "WBA",
        "sentiment_score": 0.5024,
        "revenue": 16.364,
        "operatingIncome": 0.797,
        "netIncome": 0.489,
        "mktcap": 38.3134,
        "sector": "Consumer Staples",
        "name": "Walgreen Boots"
      },
      {
        "stock": "WMT",
        "sentiment_score": 0.6861,
        "revenue": 94.242,
        "operatingIncome": 5.217,
        "netIncome": 3.022,
        "mktcap": 192.3785,
        "sector": "Consumer Staples",
        "name": "Walmart"
      },
      {
        "stock": "XOM",
        "sentiment_score": 0.6242,
        "revenue": 80.222,
        "operatingIncome": 8.909,
        "netIncome": 6.3,
        "mktcap": 314.672,
        "sector": "Energy",
        "name": "ExxonMobil"
      }
    ]
  },
  {
    "quarter": "2010Q2",
    "data": [
      {
        "stock": "AAPL",
        "sentiment_score": 0.597,
        "revenue": 13.499,
        "operatingIncome": 3.979,
        "netIncome": 3.074,
        "mktcap": 210.0349,
        "sector": "Technology",
        "name": "Apple"
      },
      {
        "stock": "AXP",
        "sentiment_score": 0.5049,
        "revenue": 7.415,
        "operatingIncome": 1.595,
        "netIncome": 1.017,
        "mktcap": 47.7194,
        "sector": "Financials",
        "name": "American Express"
      },
      {
        "stock": "BA",
        "sentiment_score": 0.4029,
        "revenue": 15.573,
        "operatingIncome": 1.307,
        "netIncome": 0.787,
        "mktcap": 45.8822,
        "sector": "Industrials",
        "name": "Boeing"
      },
      {
        "stock": "CAT",
        "sentiment_score": 0.5246,
        "revenue": 10.409,
        "operatingIncome": 0.977,
        "netIncome": 0.707,
        "mktcap": 37.8725,
        "sector": "Industrials",
        "name": "Caterpillar"
      },
      {
        "stock": "CSCO",
        "sentiment_score": 0.492,
        "revenue": 9.815,
        "operatingIncome": 2.37,
        "netIncome": 1.853,
        "mktcap": 154.0935,
        "sector": "Technology",
        "name": "Cisco"
      },
      {
        "stock": "CVX",
        "sentiment_score": 0.4602,
        "revenue": 48.85,
        "operatingIncome": 6.83,
        "netIncome": 5.409,
        "mktcap": 136.4389,
        "sector": "Energy",
        "name": "Chevron"
      },
      {
        "stock": "DIS",
        "sentiment_score": 0.5954,
        "revenue": 8.58,
        "operatingIncome": 1.511,
        "netIncome": 0.953,
        "mktcap": 70.0051,
        "sector": "Consumer Discretionary",
        "name": "Disney"
      },
      {
        "stock": "GE",
        "sentiment_score": 0.4533,
        "revenue": 36.65,
        "operatingIncome": 4.473,
        "netIncome": 3.109,
        "mktcap": 154.1674,
        "sector": "Industrials",
        "name": "General Electric"
      },
      {
        "stock": "GS",
        "sentiment_score": 0.2325,
        "revenue": 10.524,
        "operatingIncome": 1.448,
        "netIncome": 0.613,
        "mktcap": 70.9383,
        "sector": "Financials",
        "name": "Goldman Sachs"
      },
      {
        "stock": "HD",
        "sentiment_score": 0.484,
        "revenue": 19.071,
        "operatingIncome": 1.833,
        "netIncome": 1.116,
        "mktcap": 42.6781,
        "sector": "Consumer Discretionary",
        "name": "Home Depot"
      },
      {
        "stock": "IBM",
        "sentiment_score": 0.7116,
        "revenue": 23.724,
        "operatingIncome": 4.273,
        "netIncome": 3.386,
        "mktcap": 155.7426,
        "sector": "Technology",
        "name": "IBM"
      },
      {
        "stock": "INTC",
        "sentiment_score": 0.5551,
        "revenue": 10.765,
        "operatingIncome": 3.981,
        "netIncome": 2.887,
        "mktcap": 111.5209,
        "sector": "Technology",
        "name": "Intel"
      },
      {
        "stock": "JNJ",
        "sentiment_score": 0.364,
        "revenue": 15.33,
        "operatingIncome": 4.296,
        "netIncome": 3.449,
        "mktcap": 162.7143,
        "sector": "Healthcare",
        "name": "Johnson and Johnson"
      },
      {
        "stock": "JPM",
        "sentiment_score": 0.2267,
        "revenue": 28.133,
        "operatingIncome": 7.107,
        "netIncome": 4.795,
        "mktcap": 145.5544,
        "sector": "Financials",
        "name": "JP Morgan"
      },
      {
        "stock": "KO",
        "sentiment_score": 0.727,
        "revenue": 8.674,
        "operatingIncome": 2.763,
        "netIncome": 2.369,
        "mktcap": 115.4654,
        "sector": "Consumer Staples",
        "name": "Coca Cola"
      },
      {
        "stock": "MCD",
        "sentiment_score": 0.7102,
        "revenue": 5.9455,
        "operatingIncome": 1.8453,
        "netIncome": 1.2258,
        "mktcap": 70.1054,
        "sector": "Consumer Discretionary",
        "name": "McDonald's"
      },
      {
        "stock": "MMM",
        "sentiment_score": 0.4397,
        "revenue": 6.731,
        "operatingIncome": 1.596,
        "netIncome": 1.121,
        "mktcap": 56.3305,
        "sector": "Industrials",
        "name": "3M"
      },
      {
        "stock": "MRK",
        "sentiment_score": 0.5355,
        "revenue": 11.346,
        "operatingIncome": 0.917,
        "netIncome": 0.752,
        "mktcap": 107.7531,
        "sector": "Healthcare",
        "name": "Merck"
      },
      {
        "stock": "MSFT",
        "sentiment_score": 0.5317,
        "revenue": 19.022,
        "operatingIncome": 8.513,
        "netIncome": 6.662,
        "mktcap": 256.6171,
        "sector": "Technology",
        "name": "Microsoft"
      },
      {
        "stock": "NKE",
        "sentiment_score": 0.7011,
        "revenue": 4.405,
        "operatingIncome": 0.481,
        "netIncome": 0.375,
        "mktcap": 31.6339,
        "sector": "Consumer Discretionary",
        "name": "Nike"
      },
      {
        "stock": "PFE",
        "sentiment_score": 0.4571,
        "revenue": 17.132,
        "operatingIncome": 4.201,
        "netIncome": 2.475,
        "mktcap": 113.6613,
        "sector": "Healthcare",
        "name": "Pfizer"
      },
      {
        "stock": "PG",
        "sentiment_score": 0.7124,
        "revenue": 21.027,
        "operatingIncome": 4.655,
        "netIncome": 4.659,
        "mktcap": 182.2115,
        "sector": "Consumer Staples",
        "name": "Proctor and Gamble"
      },
      {
        "stock": "TRV",
        "sentiment_score": 0.3079,
        "revenue": 6.179,
        "operatingIncome": 0.978,
        "netIncome": 0.67,
        "mktcap": 23.1869,
        "sector": "Financials",
        "name": "Travelers"
      },
      {
        "stock": "UNH",
        "sentiment_score": 0.7419,
        "revenue": 23.264,
        "operatingIncome": 1.901,
        "netIncome": 1.123,
        "mktcap": 31.666,
        "sector": "Healthcare",
        "name": "United Healthcare"
      },
      {
        "stock": "UTX",
        "sentiment_score": 0.5695,
        "revenue": 13.802,
        "operatingIncome": 1.882,
        "netIncome": 1.11,
        "mktcap": 60.3059,
        "sector": "Industrials",
        "name": "United Technologies"
      },
      {
        "stock": "V",
        "sentiment_score": 0.5241,
        "revenue": 1.959,
        "operatingIncome": 1.122,
        "netIncome": 0.713,
        "mktcap": 51.6475,
        "sector": "Technology",
        "name": "Visa"
      },
      {
        "stock": "VZ",
        "sentiment_score": 0.6321,
        "revenue": 26.773,
        "operatingIncome": 0.41,
        "netIncome": -1.192,
        "mktcap": 79.2053,
        "sector": "Telecoms",
        "name": "Verizon"
      },
      {
        "stock": "WBA",
        "sentiment_score": 0.5736,
        "revenue": 16.987,
        "operatingIncome": 1.086,
        "netIncome": 0.669,
        "mktcap": 34.4798,
        "sector": "Consumer Staples",
        "name": "Walgreen Boots"
      },
      {
        "stock": "WMT",
        "sentiment_score": 0.6792,
        "revenue": 100.876,
        "operatingIncome": 5.929,
        "netIncome": 3.472,
        "mktcap": 189.2893,
        "sector": "Consumer Staples",
        "name": "Walmart"
      },
      {
        "stock": "XOM",
        "sentiment_score": 0.5881,
        "revenue": 82.747,
        "operatingIncome": 9.953,
        "netIncome": 7.56,
        "mktcap": 290.6004,
        "sector": "Energy",
        "name": "ExxonMobil"
      }
    ]
  },
  {
    "quarter": "2010Q3",
    "data": [
      {
        "stock": "AAPL",
        "sentiment_score": 0.5971,
        "revenue": 15.7,
        "operatingIncome": 4.234,
        "netIncome": 3.253,
        "mktcap": 243.6257,
        "sector": "Technology",
        "name": "Apple"
      },
      {
        "stock": "AXP",
        "sentiment_score": 0.5639,
        "revenue": 7.583,
        "operatingIncome": 1.64,
        "netIncome": 1.093,
        "mktcap": 50.6041,
        "sector": "Financials",
        "name": "American Express"
      },
      {
        "stock": "BA",
        "sentiment_score": 0.4154,
        "revenue": 16.967,
        "operatingIncome": 1.387,
        "netIncome": 0.837,
        "mktcap": 48.7998,
        "sector": "Industrials",
        "name": "Boeing"
      },
      {
        "stock": "CAT",
        "sentiment_score": 0.4852,
        "revenue": 11.134,
        "operatingIncome": 1.187,
        "netIncome": 0.792,
        "mktcap": 49.9384,
        "sector": "Industrials",
        "name": "Caterpillar"
      },
      {
        "stock": "CSCO",
        "sentiment_score": 0.4627,
        "revenue": 10.368,
        "operatingIncome": 2.345,
        "netIncome": 2.192,
        "mktcap": 130.4608,
        "sector": "Technology",
        "name": "Cisco"
      },
      {
        "stock": "CVX",
        "sentiment_score": 0.5714,
        "revenue": 46.372,
        "operatingIncome": 5.718,
        "netIncome": 3.768,
        "mktcap": 163.1073,
        "sector": "Energy",
        "name": "Chevron"
      },
      {
        "stock": "DIS",
        "sentiment_score": 0.625,
        "revenue": 10.002,
        "operatingIncome": 2.286,
        "netIncome": 1.331,
        "mktcap": 60.6356,
        "sector": "Consumer Discretionary",
        "name": "Disney"
      },
      {
        "stock": "GE",
        "sentiment_score": 0.4685,
        "revenue": 35.186,
        "operatingIncome": 3.832,
        "netIncome": 2.055,
        "mktcap": 173.1392,
        "sector": "Industrials",
        "name": "General Electric"
      },
      {
        "stock": "GS",
        "sentiment_score": 0.213,
        "revenue": 10.712,
        "operatingIncome": 2.811,
        "netIncome": 1.898,
        "mktcap": 73.9553,
        "sector": "Financials",
        "name": "Goldman Sachs"
      },
      {
        "stock": "HD",
        "sentiment_score": 0.6517,
        "revenue": 16.361,
        "operatingIncome": 1.263,
        "netIncome": 0.689,
        "mktcap": 47.561,
        "sector": "Consumer Discretionary",
        "name": "Home Depot"
      },
      {
        "stock": "IBM",
        "sentiment_score": 0.7647,
        "revenue": 24.271,
        "operatingIncome": 4.388,
        "netIncome": 3.589,
        "mktcap": 166.6503,
        "sector": "Technology",
        "name": "IBM"
      },
      {
        "stock": "INTC",
        "sentiment_score": 0.5546,
        "revenue": 11.102,
        "operatingIncome": 4.136,
        "netIncome": 2.955,
        "mktcap": 108.2999,
        "sector": "Technology",
        "name": "Intel"
      },
      {
        "stock": "JNJ",
        "sentiment_score": 0.4974,
        "revenue": 14.982,
        "operatingIncome": 4.022,
        "netIncome": 3.417,
        "mktcap": 169.6712,
        "sector": "Healthcare",
        "name": "Johnson and Johnson"
      },
      {
        "stock": "JPM",
        "sentiment_score": 0.2717,
        "revenue": 26.928,
        "operatingIncome": 6.203,
        "netIncome": 4.418,
        "mktcap": 149.4178,
        "sector": "Financials",
        "name": "JP Morgan"
      },
      {
        "stock": "KO",
        "sentiment_score": 0.7249,
        "revenue": 8.426,
        "operatingIncome": 2.344,
        "netIncome": 2.055,
        "mktcap": 136.8628,
        "sector": "Consumer Staples",
        "name": "Coca Cola"
      },
      {
        "stock": "MCD",
        "sentiment_score": 0.7251,
        "revenue": 6.3049,
        "operatingIncome": 2.0965,
        "netIncome": 1.3884,
        "mktcap": 78.7198,
        "sector": "Consumer Discretionary",
        "name": "McDonald's"
      },
      {
        "stock": "MMM",
        "sentiment_score": 0.4239,
        "revenue": 6.874,
        "operatingIncome": 1.576,
        "netIncome": 1.106,
        "mktcap": 61.9854,
        "sector": "Industrials",
        "name": "3M"
      },
      {
        "stock": "MRK",
        "sentiment_score": 0.5556,
        "revenue": 11.1249,
        "operatingIncome": 1.3696,
        "netIncome": 0.3416,
        "mktcap": 113.3718,
        "sector": "Healthcare",
        "name": "Merck"
      },
      {
        "stock": "MSFT",
        "sentiment_score": 0.5789,
        "revenue": 14.503,
        "operatingIncome": 5.173,
        "netIncome": 4.006,
        "mktcap": 199.4507,
        "sector": "Technology",
        "name": "Microsoft"
      },
      {
        "stock": "NKE",
        "sentiment_score": 0.7481,
        "revenue": 4.733,
        "operatingIncome": 0.6542,
        "netIncome": 0.4964,
        "mktcap": 32.9518,
        "sector": "Consumer Discretionary",
        "name": "Nike"
      },
      {
        "stock": "PFE",
        "sentiment_score": 0.3855,
        "revenue": 15.995,
        "operatingIncome": 3.763,
        "netIncome": 0.866,
        "mktcap": 137.611,
        "sector": "Healthcare",
        "name": "Pfizer"
      },
      {
        "stock": "PG",
        "sentiment_score": 0.7368,
        "revenue": 19.178,
        "operatingIncome": 3.968,
        "netIncome": 2.585,
        "mktcap": 170.5531,
        "sector": "Consumer Staples",
        "name": "Proctor and Gamble"
      },
      {
        "stock": "TRV",
        "sentiment_score": 0.3394,
        "revenue": 6.482,
        "operatingIncome": 1.466,
        "netIncome": 1.005,
        "mktcap": 23.992,
        "sector": "Financials",
        "name": "Travelers"
      },
      {
        "stock": "UNH",
        "sentiment_score": 0.6567,
        "revenue": 23.668,
        "operatingIncome": 2.145,
        "netIncome": 1.277,
        "mktcap": 38.5859,
        "sector": "Healthcare",
        "name": "United Healthcare"
      },
      {
        "stock": "UTX",
        "sentiment_score": 0.5272,
        "revenue": 13.62,
        "operatingIncome": 1.928,
        "netIncome": 1.198,
        "mktcap": 65.7743,
        "sector": "Industrials",
        "name": "United Technologies"
      },
      {
        "stock": "V",
        "sentiment_score": 0.4465,
        "revenue": 2.029,
        "operatingIncome": 1.137,
        "netIncome": 0.716,
        "mktcap": 53.9128,
        "sector": "Technology",
        "name": "Visa"
      },
      {
        "stock": "VZ",
        "sentiment_score": 0.8098,
        "revenue": 26.484,
        "operatingIncome": 3.383,
        "netIncome": 0.659,
        "mktcap": 92.1248,
        "sector": "Telecoms",
        "name": "Verizon"
      },
      {
        "stock": "WBA",
        "sentiment_score": 0.6233,
        "revenue": 17.199,
        "operatingIncome": 0.829,
        "netIncome": 0.463,
        "mktcap": 31.1806,
        "sector": "Consumer Staples",
        "name": "Walgreen Boots"
      },
      {
        "stock": "WMT",
        "sentiment_score": 0.7259,
        "revenue": 99.373,
        "operatingIncome": 5.442,
        "netIncome": 3.144,
        "mktcap": 202.286,
        "sector": "Consumer Staples",
        "name": "Walmart"
      },
      {
        "stock": "XOM",
        "sentiment_score": 0.5519,
        "revenue": 85.181,
        "operatingIncome": 9.967,
        "netIncome": 7.35,
        "mktcap": 311.607,
        "sector": "Energy",
        "name": "ExxonMobil"
      }
    ]
  },
  {
    "quarter": "2010Q4",
    "data": [
      {
        "stock": "AAPL",
        "sentiment_score": 0.6241,
        "revenue": 20.343,
        "operatingIncome": 5.447,
        "netIncome": 4.308,
        "mktcap": 267.7564,
        "sector": "Technology",
        "name": "Apple"
      },
      {
        "stock": "AXP",
        "sentiment_score": 0.5907,
        "revenue": 7.849,
        "operatingIncome": 1.477,
        "netIncome": 1.062,
        "mktcap": 51.3752,
        "sector": "Financials",
        "name": "American Express"
      },
      {
        "stock": "BA",
        "sentiment_score": 0.4279,
        "revenue": 16.55,
        "operatingIncome": 1.103,
        "netIncome": 1.164,
        "mktcap": 47.983,
        "sector": "Industrials",
        "name": "Boeing"
      },
      {
        "stock": "CAT",
        "sentiment_score": 0.4627,
        "revenue": 12.807,
        "operatingIncome": 1.291,
        "netIncome": 0.968,
        "mktcap": 59.8321,
        "sector": "Industrials",
        "name": "Caterpillar"
      },
      {
        "stock": "CSCO",
        "sentiment_score": 0.4895,
        "revenue": 10.836,
        "operatingIncome": 2.325,
        "netIncome": 1.935,
        "mktcap": 127.4902,
        "sector": "Technology",
        "name": "Cisco"
      },
      {
        "stock": "CVX",
        "sentiment_score": 0.5149,
        "revenue": 49.716,
        "operatingIncome": 6.595,
        "netIncome": 5.295,
        "mktcap": 183.1826,
        "sector": "Energy",
        "name": "Chevron"
      },
      {
        "stock": "DIS",
        "sentiment_score": 0.6546,
        "revenue": 9.742,
        "operatingIncome": 1.463,
        "netIncome": 0.835,
        "mktcap": 63.2426,
        "sector": "Consumer Discretionary",
        "name": "Disney"
      },
      {
        "stock": "GE",
        "sentiment_score": 0.4837,
        "revenue": 40.889,
        "operatingIncome": 3.794,
        "netIncome": 4.535,
        "mktcap": 194.1552,
        "sector": "Industrials",
        "name": "General Electric"
      },
      {
        "stock": "GS",
        "sentiment_score": 0.2663,
        "revenue": 10.373,
        "operatingIncome": 3.474,
        "netIncome": 2.387,
        "mktcap": 91.9667,
        "sector": "Financials",
        "name": "Goldman Sachs"
      },
      {
        "stock": "HD",
        "sentiment_score": 0.6864,
        "revenue": 14.569,
        "operatingIncome": 0.727,
        "netIncome": 0.342,
        "mktcap": 59.3978,
        "sector": "Consumer Discretionary",
        "name": "Home Depot"
      },
      {
        "stock": "IBM",
        "sentiment_score": 0.6842,
        "revenue": 29.019,
        "operatingIncome": 6.698,
        "netIncome": 5.257,
        "mktcap": 180.2203,
        "sector": "Technology",
        "name": "IBM"
      },
      {
        "stock": "INTC",
        "sentiment_score": 0.5541,
        "revenue": 11.457,
        "operatingIncome": 4.347,
        "netIncome": 3.388,
        "mktcap": 114.8492,
        "sector": "Technology",
        "name": "Intel"
      },
      {
        "stock": "JNJ",
        "sentiment_score": 0.5051,
        "revenue": 15.644,
        "operatingIncome": 3.442,
        "netIncome": 1.942,
        "mktcap": 169.3513,
        "sector": "Healthcare",
        "name": "Johnson and Johnson"
      },
      {
        "stock": "JPM",
        "sentiment_score": 0.2815,
        "revenue": 29.608,
        "operatingIncome": 7.012,
        "netIncome": 4.831,
        "mktcap": 165.8747,
        "sector": "Financials",
        "name": "JP Morgan"
      },
      {
        "stock": "KO",
        "sentiment_score": 0.7778,
        "revenue": 10.494,
        "operatingIncome": 1.159,
        "netIncome": 5.771,
        "mktcap": 150.7448,
        "sector": "Consumer Staples",
        "name": "Coca Cola"
      },
      {
        "stock": "MCD",
        "sentiment_score": 0.6462,
        "revenue": 6.2141,
        "operatingIncome": 1.8572,
        "netIncome": 1.2423,
        "mktcap": 80.8743,
        "sector": "Consumer Discretionary",
        "name": "McDonald's"
      },
      {
        "stock": "MMM",
        "sentiment_score": 0.5019,
        "revenue": 6.709,
        "operatingIncome": 1.301,
        "netIncome": 0.928,
        "mktcap": 61.4437,
        "sector": "Industrials",
        "name": "3M"
      },
      {
        "stock": "MRK",
        "sentiment_score": 0.5892,
        "revenue": 12.094,
        "operatingIncome": -0.563,
        "netIncome": -0.531,
        "mktcap": 111.0791,
        "sector": "Healthcare",
        "name": "Merck"
      },
      {
        "stock": "MSFT",
        "sentiment_score": 0.7083,
        "revenue": 16.039,
        "operatingIncome": 5.93,
        "netIncome": 4.518,
        "mktcap": 209.6834,
        "sector": "Technology",
        "name": "Microsoft"
      },
      {
        "stock": "NKE",
        "sentiment_score": 0.7428,
        "revenue": 5.077,
        "operatingIncome": 0.668,
        "netIncome": 0.522,
        "mktcap": 35.0319,
        "sector": "Consumer Discretionary",
        "name": "Nike"
      },
      {
        "stock": "PFE",
        "sentiment_score": 0.6173,
        "revenue": 17.354,
        "operatingIncome": 2.093,
        "netIncome": 2.89,
        "mktcap": 140.2901,
        "sector": "Healthcare",
        "name": "Pfizer"
      },
      {
        "stock": "PG",
        "sentiment_score": 0.7383,
        "revenue": 18.926,
        "operatingIncome": 2.95,
        "netIncome": 2.185,
        "mktcap": 167.8676,
        "sector": "Consumer Staples",
        "name": "Proctor and Gamble"
      },
      {
        "stock": "TRV",
        "sentiment_score": 0.4219,
        "revenue": 6.332,
        "operatingIncome": 1.295,
        "netIncome": 0.894,
        "mktcap": 24.2116,
        "sector": "Financials",
        "name": "Travelers"
      },
      {
        "stock": "UNH",
        "sentiment_score": 0.6408,
        "revenue": 24.03,
        "operatingIncome": 1.802,
        "netIncome": 1.043,
        "mktcap": 39.2155,
        "sector": "Healthcare",
        "name": "United Healthcare"
      },
      {
        "stock": "UTX",
        "sentiment_score": 0.4848,
        "revenue": 14.864,
        "operatingIncome": 1.853,
        "netIncome": 1.199,
        "mktcap": 72.5223,
        "sector": "Industrials",
        "name": "United Technologies"
      },
      {
        "stock": "V",
        "sentiment_score": 0.4559,
        "revenue": 2.117,
        "operatingIncome": 1.113,
        "netIncome": 0.774,
        "mktcap": 50.1809,
        "sector": "Technology",
        "name": "Visa"
      },
      {
        "stock": "VZ",
        "sentiment_score": 0.7072,
        "revenue": 26.395,
        "operatingIncome": 6.411,
        "netIncome": 2.639,
        "mktcap": 101.1509,
        "sector": "Telecoms",
        "name": "Verizon"
      },
      {
        "stock": "WBA",
        "sentiment_score": 0.6667,
        "revenue": 16.87,
        "operatingIncome": 0.746,
        "netIncome": 0.47,
        "mktcap": 25.2297,
        "sector": "Consumer Staples",
        "name": "Walgreen Boots"
      },
      {
        "stock": "WMT",
        "sentiment_score": 0.6582,
        "revenue": 113.622,
        "operatingIncome": 7.458,
        "netIncome": 4.758,
        "mktcap": 200.399,
        "sector": "Consumer Staples",
        "name": "Walmart"
      },
      {
        "stock": "XOM",
        "sentiment_score": 0.6865,
        "revenue": 93.428,
        "operatingIncome": 11.293,
        "netIncome": 9.25,
        "mktcap": 364.0645,
        "sector": "Energy",
        "name": "ExxonMobil"
      }
    ]
  },
  {
    "quarter": "2011Q1",
    "data": [
      {
        "stock": "AAPL",
        "sentiment_score": 0.6567,
        "revenue": 26.741,
        "operatingIncome": 7.827,
        "netIncome": 6.004,
        "mktcap": 298.0471,
        "sector": "Technology",
        "name": "Apple"
      },
      {
        "stock": "AXP",
        "sentiment_score": 0.5941,
        "revenue": 7.624,
        "operatingIncome": 1.732,
        "netIncome": 1.177,
        "mktcap": 54.3304,
        "sector": "Financials",
        "name": "American Express"
      },
      {
        "stock": "BA",
        "sentiment_score": 0.4925,
        "revenue": 14.91,
        "operatingIncome": 1,
        "netIncome": 0.586,
        "mktcap": 54.5571,
        "sector": "Industrials",
        "name": "Boeing"
      },
      {
        "stock": "CAT",
        "sentiment_score": 0.4417,
        "revenue": 12.949,
        "operatingIncome": 1.833,
        "netIncome": 1.225,
        "mktcap": 71.7597,
        "sector": "Industrials",
        "name": "Caterpillar"
      },
      {
        "stock": "CSCO",
        "sentiment_score": 0.5162,
        "revenue": 10.75,
        "operatingIncome": 2.351,
        "netIncome": 1.93,
        "mktcap": 115.8057,
        "sector": "Technology",
        "name": "Cisco"
      },
      {
        "stock": "CVX",
        "sentiment_score": 0.515,
        "revenue": 56.278,
        "operatingIncome": 9.193,
        "netIncome": 6.211,
        "mktcap": 216.0839,
        "sector": "Energy",
        "name": "Chevron"
      },
      {
        "stock": "DIS",
        "sentiment_score": 0.6842,
        "revenue": 10.716,
        "operatingIncome": 2.003,
        "netIncome": 1.302,
        "mktcap": 70.32,
        "sector": "Consumer Discretionary",
        "name": "Disney"
      },
      {
        "stock": "GE",
        "sentiment_score": 0.5975,
        "revenue": 34.704,
        "operatingIncome": 4.021,
        "netIncome": 3.433,
        "mktcap": 212.6392,
        "sector": "Industrials",
        "name": "General Electric"
      },
      {
        "stock": "GS",
        "sentiment_score": 0.3092,
        "revenue": 13.643,
        "operatingIncome": 4.04,
        "netIncome": 2.735,
        "mktcap": 82.1417,
        "sector": "Financials",
        "name": "Goldman Sachs"
      },
      {
        "stock": "HD",
        "sentiment_score": 0.6,
        "revenue": 16.863,
        "operatingIncome": 1.305,
        "netIncome": 0.725,
        "mktcap": 47.4977,
        "sector": "Consumer Discretionary",
        "name": "Home Depot"
      },
      {
        "stock": "IBM",
        "sentiment_score": 0.6842,
        "revenue": 24.607,
        "operatingIncome": 3.445,
        "netIncome": 2.863,
        "mktcap": 197.5104,
        "sector": "Technology",
        "name": "IBM"
      },
      {
        "stock": "INTC",
        "sentiment_score": 0.4524,
        "revenue": 12.847,
        "operatingIncome": 4.158,
        "netIncome": 3.16,
        "mktcap": 105.2259,
        "sector": "Technology",
        "name": "Intel"
      },
      {
        "stock": "JNJ",
        "sentiment_score": 0.4659,
        "revenue": 16.173,
        "operatingIncome": 4.601,
        "netIncome": 3.476,
        "mktcap": 162.9106,
        "sector": "Healthcare",
        "name": "Johnson and Johnson"
      },
      {
        "stock": "JPM",
        "sentiment_score": 0.3191,
        "revenue": 28.763,
        "operatingIncome": 8.057,
        "netIncome": 5.555,
        "mktcap": 183.7834,
        "sector": "Financials",
        "name": "JP Morgan"
      },
      {
        "stock": "KO",
        "sentiment_score": 0.6895,
        "revenue": 10.517,
        "operatingIncome": 2.284,
        "netIncome": 1.903,
        "mktcap": 153.7321,
        "sector": "Consumer Staples",
        "name": "Coca Cola"
      },
      {
        "stock": "MCD",
        "sentiment_score": 0.6794,
        "revenue": 6.1116,
        "operatingIncome": 1.8259,
        "netIncome": 1.209,
        "mktcap": 78.951,
        "sector": "Consumer Discretionary",
        "name": "McDonald's"
      },
      {
        "stock": "MMM",
        "sentiment_score": 0.4898,
        "revenue": 7.311,
        "operatingIncome": 1.578,
        "netIncome": 1.081,
        "mktcap": 66.439,
        "sector": "Industrials",
        "name": "3M"
      },
      {
        "stock": "MRK",
        "sentiment_score": 0.6724,
        "revenue": 11.58,
        "operatingIncome": 2.213,
        "netIncome": 1.043,
        "mktcap": 101.8455,
        "sector": "Healthcare",
        "name": "Merck"
      },
      {
        "stock": "MSFT",
        "sentiment_score": 0.6408,
        "revenue": 16.195,
        "operatingIncome": 7.116,
        "netIncome": 5.41,
        "mktcap": 234.5277,
        "sector": "Technology",
        "name": "Microsoft"
      },
      {
        "stock": "NKE",
        "sentiment_score": 0.7151,
        "revenue": 5.175,
        "operatingIncome": 0.761,
        "netIncome": 0.559,
        "mktcap": 33.453,
        "sector": "Consumer Discretionary",
        "name": "Nike"
      },
      {
        "stock": "PFE",
        "sentiment_score": 0.5922,
        "revenue": 16.502,
        "operatingIncome": 3.945,
        "netIncome": 2.222,
        "mktcap": 161.025,
        "sector": "Healthcare",
        "name": "Pfizer"
      },
      {
        "stock": "PG",
        "sentiment_score": 0.6567,
        "revenue": 20.122,
        "operatingIncome": 4.501,
        "netIncome": 3.081,
        "mktcap": 180.1744,
        "sector": "Consumer Staples",
        "name": "Proctor and Gamble"
      },
      {
        "stock": "TRV",
        "sentiment_score": 0.4335,
        "revenue": 6.278,
        "operatingIncome": 1.065,
        "netIncome": 0.839,
        "mktcap": 24.9994,
        "sector": "Financials",
        "name": "Travelers"
      },
      {
        "stock": "UNH",
        "sentiment_score": 0.5694,
        "revenue": 25.432,
        "operatingIncome": 2.221,
        "netIncome": 1.346,
        "mktcap": 48.6804,
        "sector": "Healthcare",
        "name": "United Healthcare"
      },
      {
        "stock": "UTX",
        "sentiment_score": 0.4645,
        "revenue": 12.68,
        "operatingIncome": 1.688,
        "netIncome": 1.012,
        "mktcap": 77.4769,
        "sector": "Industrials",
        "name": "United Technologies"
      },
      {
        "stock": "V",
        "sentiment_score": 0.596,
        "revenue": 2.238,
        "operatingIncome": 1.366,
        "netIncome": 0.884,
        "mktcap": 51.9021,
        "sector": "Technology",
        "name": "Visa"
      },
      {
        "stock": "VZ",
        "sentiment_score": 0.6278,
        "revenue": 26.99,
        "operatingIncome": 4.453,
        "netIncome": 1.439,
        "mktcap": 109.0327,
        "sector": "Telecoms",
        "name": "Verizon"
      },
      {
        "stock": "WBA",
        "sentiment_score": 0.495,
        "revenue": 17.344,
        "operatingIncome": 0.941,
        "netIncome": 0.58,
        "mktcap": 32.1462,
        "sector": "Consumer Staples",
        "name": "Walgreen Boots"
      },
      {
        "stock": "WMT",
        "sentiment_score": 0.6987,
        "revenue": 99.811,
        "operatingIncome": 5.737,
        "netIncome": 3.301,
        "mktcap": 187.0995,
        "sector": "Consumer Staples",
        "name": "Walmart"
      },
      {
        "stock": "XOM",
        "sentiment_score": 0.5549,
        "revenue": 101.335,
        "operatingIncome": 14.193,
        "netIncome": 10.65,
        "mktcap": 414.4244,
        "sector": "Energy",
        "name": "ExxonMobil"
      }
    ]
  },
  {
    "quarter": "2011Q2",
    "data": [
      {
        "stock": "AAPL",
        "sentiment_score": 0.5299,
        "revenue": 24.667,
        "operatingIncome": 7.874,
        "netIncome": 5.987,
        "mktcap": 325.0599,
        "sector": "Technology",
        "name": "Apple"
      },
      {
        "stock": "AXP",
        "sentiment_score": 0.6761,
        "revenue": 8.195,
        "operatingIncome": 1.765,
        "netIncome": 1.331,
        "mktcap": 61.6781,
        "sector": "Financials",
        "name": "American Express"
      },
      {
        "stock": "BA",
        "sentiment_score": 0.4635,
        "revenue": 16.543,
        "operatingIncome": 1.534,
        "netIncome": 0.941,
        "mktcap": 54.7504,
        "sector": "Industrials",
        "name": "Boeing"
      },
      {
        "stock": "CAT",
        "sentiment_score": 0.536,
        "revenue": 14.23,
        "operatingIncome": 1.601,
        "netIncome": 1.015,
        "mktcap": 68.7802,
        "sector": "Industrials",
        "name": "Caterpillar"
      },
      {
        "stock": "CSCO",
        "sentiment_score": 0.5429,
        "revenue": 10.407,
        "operatingIncome": 1.684,
        "netIncome": 1.521,
        "mktcap": 96.3775,
        "sector": "Technology",
        "name": "Cisco"
      },
      {
        "stock": "CVX",
        "sentiment_score": 0.5956,
        "revenue": 64.407,
        "operatingIncome": 10.93,
        "netIncome": 7.732,
        "mktcap": 205.9868,
        "sector": "Energy",
        "name": "Chevron"
      },
      {
        "stock": "DIS",
        "sentiment_score": 0.582,
        "revenue": 9.077,
        "operatingIncome": 1.528,
        "netIncome": 0.942,
        "mktcap": 79.4953,
        "sector": "Consumer Discretionary",
        "name": "Disney"
      },
      {
        "stock": "GE",
        "sentiment_score": 0.5985,
        "revenue": 34.999,
        "operatingIncome": 4.708,
        "netIncome": 3.764,
        "mktcap": 199.9224,
        "sector": "Industrials",
        "name": "General Electric"
      },
      {
        "stock": "GS",
        "sentiment_score": 0.1757,
        "revenue": 9.549,
        "operatingIncome": 1.612,
        "netIncome": 1.087,
        "mktcap": 67.5905,
        "sector": "Financials",
        "name": "Goldman Sachs"
      },
      {
        "stock": "HD",
        "sentiment_score": 0.6304,
        "revenue": 19.41,
        "operatingIncome": 2.049,
        "netIncome": 1.192,
        "mktcap": 50.7378,
        "sector": "Consumer Discretionary",
        "name": "Home Depot"
      },
      {
        "stock": "IBM",
        "sentiment_score": 0.741,
        "revenue": 26.666,
        "operatingIncome": 4.786,
        "netIncome": 3.664,
        "mktcap": 204.8784,
        "sector": "Technology",
        "name": "IBM"
      },
      {
        "stock": "INTC",
        "sentiment_score": 0.6,
        "revenue": 13.032,
        "operatingIncome": 3.935,
        "netIncome": 2.954,
        "mktcap": 119.071,
        "sector": "Technology",
        "name": "Intel"
      },
      {
        "stock": "JNJ",
        "sentiment_score": 0.5817,
        "revenue": 16.597,
        "operatingIncome": 3.739,
        "netIncome": 2.776,
        "mktcap": 184.441,
        "sector": "Healthcare",
        "name": "Johnson and Johnson"
      },
      {
        "stock": "JPM",
        "sentiment_score": 0.2443,
        "revenue": 30.575,
        "operatingIncome": 8.127,
        "netIncome": 5.431,
        "mktcap": 160.0834,
        "sector": "Financials",
        "name": "JP Morgan"
      },
      {
        "stock": "KO",
        "sentiment_score": 0.7091,
        "revenue": 12.737,
        "operatingIncome": 3.179,
        "netIncome": 2.8,
        "mktcap": 156.1304,
        "sector": "Consumer Staples",
        "name": "Coca Cola"
      },
      {
        "stock": "MCD",
        "sentiment_score": 0.6684,
        "revenue": 6.9054,
        "operatingIncome": 2.1891,
        "netIncome": 1.4102,
        "mktcap": 86.9929,
        "sector": "Consumer Discretionary",
        "name": "McDonald's"
      },
      {
        "stock": "MMM",
        "sentiment_score": 0.3881,
        "revenue": 7.68,
        "operatingIncome": 1.655,
        "netIncome": 1.16,
        "mktcap": 67.2995,
        "sector": "Industrials",
        "name": "3M"
      },
      {
        "stock": "MRK",
        "sentiment_score": 0.6618,
        "revenue": 12.151,
        "operatingIncome": 1.738,
        "netIncome": 2.024,
        "mktcap": 108.7995,
        "sector": "Healthcare",
        "name": "Merck"
      },
      {
        "stock": "MSFT",
        "sentiment_score": 0.7792,
        "revenue": 19.953,
        "operatingIncome": 8.165,
        "netIncome": 6.634,
        "mktcap": 214.0631,
        "sector": "Technology",
        "name": "Microsoft"
      },
      {
        "stock": "NKE",
        "sentiment_score": 0.6874,
        "revenue": 4.842,
        "operatingIncome": 0.582,
        "netIncome": 0.457,
        "mktcap": 41.2132,
        "sector": "Consumer Discretionary",
        "name": "Nike"
      },
      {
        "stock": "PFE",
        "sentiment_score": 0.5664,
        "revenue": 16.485,
        "operatingIncome": 4.021,
        "netIncome": 2.61,
        "mktcap": 161.8941,
        "sector": "Healthcare",
        "name": "Pfizer"
      },
      {
        "stock": "PG",
        "sentiment_score": 0.6426,
        "revenue": 21.347,
        "operatingIncome": 4.26,
        "netIncome": 3.333,
        "mktcap": 171.9437,
        "sector": "Consumer Staples",
        "name": "Proctor and Gamble"
      },
      {
        "stock": "TRV",
        "sentiment_score": 0.3408,
        "revenue": 6.388,
        "operatingIncome": -0.63,
        "netIncome": -0.364,
        "mktcap": 24.4904,
        "sector": "Financials",
        "name": "Travelers"
      },
      {
        "stock": "UNH",
        "sentiment_score": 0.6757,
        "revenue": 25.234,
        "operatingIncome": 2.099,
        "netIncome": 1.267,
        "mktcap": 55.139,
        "sector": "Healthcare",
        "name": "United Healthcare"
      },
      {
        "stock": "UTX",
        "sentiment_score": 0.4815,
        "revenue": 14.469,
        "operatingIncome": 2.15,
        "netIncome": 1.318,
        "mktcap": 80.4302,
        "sector": "Industrials",
        "name": "United Technologies"
      },
      {
        "stock": "V",
        "sentiment_score": 0.4604,
        "revenue": 2.245,
        "operatingIncome": 1.383,
        "netIncome": 0.881,
        "mktcap": 58.2237,
        "sector": "Technology",
        "name": "Visa"
      },
      {
        "stock": "VZ",
        "sentiment_score": 0.7489,
        "revenue": 27.536,
        "operatingIncome": 4.892,
        "netIncome": 1.609,
        "mktcap": 105.3825,
        "sector": "Telecoms",
        "name": "Verizon"
      },
      {
        "stock": "WBA",
        "sentiment_score": 0.6726,
        "revenue": 18.502,
        "operatingIncome": 1.207,
        "netIncome": 0.739,
        "mktcap": 39.676,
        "sector": "Consumer Staples",
        "name": "Walgreen Boots"
      },
      {
        "stock": "WMT",
        "sentiment_score": 0.662,
        "revenue": 103.726,
        "operatingIncome": 6.19,
        "netIncome": 3.596,
        "mktcap": 194.0911,
        "sector": "Consumer Staples",
        "name": "Walmart"
      },
      {
        "stock": "XOM",
        "sentiment_score": 0.5657,
        "revenue": 112.781,
        "operatingIncome": 14.572,
        "netIncome": 10.68,
        "mktcap": 395.6696,
        "sector": "Energy",
        "name": "ExxonMobil"
      }
    ]
  },
  {
    "quarter": "2011Q3",
    "data": [
      {
        "stock": "AAPL",
        "sentiment_score": 0.6378,
        "revenue": 28.571,
        "operatingIncome": 9.379,
        "netIncome": 7.308,
        "mktcap": 302.495,
        "sector": "Technology",
        "name": "Apple"
      },
      {
        "stock": "AXP",
        "sentiment_score": 0.5962,
        "revenue": 8.146,
        "operatingIncome": 1.711,
        "netIncome": 1.235,
        "mktcap": 52.4881,
        "sector": "Financials",
        "name": "American Express"
      },
      {
        "stock": "BA",
        "sentiment_score": 0.4494,
        "revenue": 17.727,
        "operatingIncome": 1.714,
        "netIncome": 1.098,
        "mktcap": 44.9519,
        "sector": "Industrials",
        "name": "Boeing"
      },
      {
        "stock": "CAT",
        "sentiment_score": 0.4026,
        "revenue": 15.716,
        "operatingIncome": 1.759,
        "netIncome": 1.141,
        "mktcap": 47.7464,
        "sector": "Industrials",
        "name": "Caterpillar"
      },
      {
        "stock": "CSCO",
        "sentiment_score": 0.4934,
        "revenue": 10.866,
        "operatingIncome": 2.183,
        "netIncome": 1.807,
        "mktcap": 86.7969,
        "sector": "Technology",
        "name": "Cisco"
      },
      {
        "stock": "CVX",
        "sentiment_score": 0.6316,
        "revenue": 59.287,
        "operatingIncome": 10.169,
        "netIncome": 7.829,
        "mktcap": 184.3915,
        "sector": "Energy",
        "name": "Chevron"
      },
      {
        "stock": "DIS",
        "sentiment_score": 0.6475,
        "revenue": 10.675,
        "operatingIncome": 2.412,
        "netIncome": 1.476,
        "mktcap": 72.2983,
        "sector": "Consumer Discretionary",
        "name": "Disney"
      },
      {
        "stock": "GE",
        "sentiment_score": 0.5184,
        "revenue": 34.808,
        "operatingIncome": 3.942,
        "netIncome": 3.224,
        "mktcap": 160.6829,
        "sector": "Industrials",
        "name": "General Electric"
      },
      {
        "stock": "GS",
        "sentiment_score": 0.1962,
        "revenue": 5.585,
        "operatingIncome": -0.73,
        "netIncome": -0.393,
        "mktcap": 46.5775,
        "sector": "Financials",
        "name": "Goldman Sachs"
      },
      {
        "stock": "HD",
        "sentiment_score": 0.5885,
        "revenue": 16.598,
        "operatingIncome": 1.448,
        "netIncome": 0.834,
        "mktcap": 59.5641,
        "sector": "Consumer Discretionary",
        "name": "Home Depot"
      },
      {
        "stock": "IBM",
        "sentiment_score": 0.6906,
        "revenue": 26.157,
        "operatingIncome": 4.965,
        "netIncome": 3.839,
        "mktcap": 206.105,
        "sector": "Technology",
        "name": "IBM"
      },
      {
        "stock": "INTC",
        "sentiment_score": 0.5696,
        "revenue": 14.233,
        "operatingIncome": 4.785,
        "netIncome": 3.468,
        "mktcap": 109.1925,
        "sector": "Technology",
        "name": "Intel"
      },
      {
        "stock": "JNJ",
        "sentiment_score": 0.4586,
        "revenue": 16.005,
        "operatingIncome": 3.92,
        "netIncome": 3.202,
        "mktcap": 174.0171,
        "sector": "Healthcare",
        "name": "Johnson and Johnson"
      },
      {
        "stock": "JPM",
        "sentiment_score": 0.2019,
        "revenue": 27.106,
        "operatingIncome": 5.818,
        "netIncome": 4.262,
        "mktcap": 114.4223,
        "sector": "Financials",
        "name": "JP Morgan"
      },
      {
        "stock": "KO",
        "sentiment_score": 0.5991,
        "revenue": 12.248,
        "operatingIncome": 2.754,
        "netIncome": 2.224,
        "mktcap": 153.4288,
        "sector": "Consumer Staples",
        "name": "Coca Cola"
      },
      {
        "stock": "MCD",
        "sentiment_score": 0.6444,
        "revenue": 7.1663,
        "operatingIncome": 2.3947,
        "netIncome": 1.5073,
        "mktcap": 89.8574,
        "sector": "Consumer Discretionary",
        "name": "McDonald's"
      },
      {
        "stock": "MMM",
        "sentiment_score": 0.4145,
        "revenue": 7.531,
        "operatingIncome": 1.581,
        "netIncome": 1.088,
        "mktcap": 50.3136,
        "sector": "Industrials",
        "name": "3M"
      },
      {
        "stock": "MRK",
        "sentiment_score": 0.7081,
        "revenue": 12.022,
        "operatingIncome": 2.257,
        "netIncome": 1.692,
        "mktcap": 99.7987,
        "sector": "Healthcare",
        "name": "Merck"
      },
      {
        "stock": "MSFT",
        "sentiment_score": 0.748,
        "revenue": 16.428,
        "operatingIncome": 5.709,
        "netIncome": 5.232,
        "mktcap": 217.776,
        "sector": "Technology",
        "name": "Microsoft"
      },
      {
        "stock": "NKE",
        "sentiment_score": 0.6598,
        "revenue": 5.079,
        "operatingIncome": 0.69,
        "netIncome": 0.523,
        "mktcap": 42.2091,
        "sector": "Consumer Discretionary",
        "name": "Nike"
      },
      {
        "stock": "PFE",
        "sentiment_score": 0.5336,
        "revenue": 16.609,
        "operatingIncome": 4.088,
        "netIncome": 3.738,
        "mktcap": 135.9056,
        "sector": "Healthcare",
        "name": "Pfizer"
      },
      {
        "stock": "PG",
        "sentiment_score": 0.5641,
        "revenue": 19.893,
        "operatingIncome": 3.705,
        "netIncome": 2.873,
        "mktcap": 175.8155,
        "sector": "Consumer Staples",
        "name": "Proctor and Gamble"
      },
      {
        "stock": "TRV",
        "sentiment_score": 0.345,
        "revenue": 6.407,
        "operatingIncome": 0.429,
        "netIncome": 0.333,
        "mktcap": 20.1157,
        "sector": "Financials",
        "name": "Travelers"
      },
      {
        "stock": "UNH",
        "sentiment_score": 0.6457,
        "revenue": 25.28,
        "operatingIncome": 2.07,
        "netIncome": 1.271,
        "mktcap": 48.6105,
        "sector": "Healthcare",
        "name": "United Healthcare"
      },
      {
        "stock": "UTX",
        "sentiment_score": 0.3812,
        "revenue": 14.235,
        "operatingIncome": 2.151,
        "netIncome": 1.324,
        "mktcap": 63.7523,
        "sector": "Industrials",
        "name": "United Technologies"
      },
      {
        "stock": "V",
        "sentiment_score": 0.6618,
        "revenue": 2.322,
        "operatingIncome": 1.345,
        "netIncome": 1.005,
        "mktcap": 58.8896,
        "sector": "Technology",
        "name": "Visa"
      },
      {
        "stock": "VZ",
        "sentiment_score": 0.6211,
        "revenue": 27.913,
        "operatingIncome": 4.647,
        "netIncome": 1.379,
        "mktcap": 104.1841,
        "sector": "Telecoms",
        "name": "Verizon"
      },
      {
        "stock": "WBA",
        "sentiment_score": 0.5952,
        "revenue": 18.371,
        "operatingIncome": 0.951,
        "netIncome": 0.603,
        "mktcap": 39.5034,
        "sector": "Consumer Staples",
        "name": "Walgreen Boots"
      },
      {
        "stock": "WMT",
        "sentiment_score": 0.6981,
        "revenue": 101.952,
        "operatingIncome": 5.611,
        "netIncome": 3.436,
        "mktcap": 197.1421,
        "sector": "Consumer Staples",
        "name": "Walmart"
      },
      {
        "stock": "XOM",
        "sentiment_score": 0.5667,
        "revenue": 111.991,
        "operatingIncome": 13.923,
        "netIncome": 10.33,
        "mktcap": 348.1156,
        "sector": "Energy",
        "name": "ExxonMobil"
      }
    ]
  },
  {
    "quarter": "2011Q4",
    "data": [
      {
        "stock": "AAPL",
        "sentiment_score": 0.6025,
        "revenue": 28.27,
        "operatingIncome": 8.71,
        "netIncome": 6.623,
        "mktcap": 375.7067,
        "sector": "Technology",
        "name": "Apple"
      },
      {
        "stock": "AXP",
        "sentiment_score": 0.4337,
        "revenue": 8.317,
        "operatingIncome": 1.748,
        "netIncome": 1.192,
        "mktcap": 54.9059,
        "sector": "Financials",
        "name": "American Express"
      },
      {
        "stock": "BA",
        "sentiment_score": 0.5701,
        "revenue": 19.555,
        "operatingIncome": 1.597,
        "netIncome": 1.393,
        "mktcap": 54.6241,
        "sector": "Industrials",
        "name": "Boeing"
      },
      {
        "stock": "CAT",
        "sentiment_score": 0.4586,
        "revenue": 17.243,
        "operatingIncome": 1.96,
        "netIncome": 1.547,
        "mktcap": 58.6665,
        "sector": "Industrials",
        "name": "Caterpillar"
      },
      {
        "stock": "CSCO",
        "sentiment_score": 0.5602,
        "revenue": 11.195,
        "operatingIncome": 1.456,
        "netIncome": 1.232,
        "mktcap": 99.6858,
        "sector": "Technology",
        "name": "Cisco"
      },
      {
        "stock": "CVX",
        "sentiment_score": 0.4306,
        "revenue": 56.314,
        "operatingIncome": 8.007,
        "netIncome": 5.123,
        "mktcap": 210.7962,
        "sector": "Energy",
        "name": "Chevron"
      },
      {
        "stock": "DIS",
        "sentiment_score": 0.6173,
        "revenue": 10.425,
        "operatingIncome": 1.858,
        "netIncome": 1.087,
        "mktcap": 53.148,
        "sector": "Consumer Discretionary",
        "name": "Disney"
      },
      {
        "stock": "GE",
        "sentiment_score": 0.4979,
        "revenue": 37.713,
        "operatingIncome": 4.364,
        "netIncome": 3.73,
        "mktcap": 189.3627,
        "sector": "Industrials",
        "name": "General Electric"
      },
      {
        "stock": "GS",
        "sentiment_score": 0.2877,
        "revenue": 8.016,
        "operatingIncome": 1.247,
        "netIncome": 1.013,
        "mktcap": 43.9008,
        "sector": "Financials",
        "name": "Goldman Sachs"
      },
      {
        "stock": "HD",
        "sentiment_score": 0.6425,
        "revenue": 15.126,
        "operatingIncome": 1.037,
        "netIncome": 0.587,
        "mktcap": 59.3657,
        "sector": "Consumer Discretionary",
        "name": "Home Depot"
      },
      {
        "stock": "IBM",
        "sentiment_score": 0.6982,
        "revenue": 29.486,
        "operatingIncome": 7.091,
        "netIncome": 5.49,
        "mktcap": 213.886,
        "sector": "Technology",
        "name": "IBM"
      },
      {
        "stock": "INTC",
        "sentiment_score": 0.5583,
        "revenue": 13.887,
        "operatingIncome": 4.599,
        "netIncome": 3.36,
        "mktcap": 121.25,
        "sector": "Technology",
        "name": "Intel"
      },
      {
        "stock": "JNJ",
        "sentiment_score": 0.617,
        "revenue": 16.255,
        "operatingIncome": 3.324,
        "netIncome": 0.218,
        "mktcap": 178.6637,
        "sector": "Healthcare",
        "name": "Johnson and Johnson"
      },
      {
        "stock": "JPM",
        "sentiment_score": 0.2222,
        "revenue": 24.394,
        "operatingIncome": 4.747,
        "netIncome": 3.728,
        "mktcap": 125.442,
        "sector": "Financials",
        "name": "JP Morgan"
      },
      {
        "stock": "KO",
        "sentiment_score": 0.6634,
        "revenue": 11.04,
        "operatingIncome": 1.956,
        "netIncome": 1.657,
        "mktcap": 158.3421,
        "sector": "Consumer Staples",
        "name": "Coca Cola"
      },
      {
        "stock": "MCD",
        "sentiment_score": 0.6289,
        "revenue": 6.8227,
        "operatingIncome": 2.12,
        "netIncome": 1.3766,
        "mktcap": 102.4771,
        "sector": "Consumer Discretionary",
        "name": "McDonald's"
      },
      {
        "stock": "MMM",
        "sentiment_score": 0.5354,
        "revenue": 7.089,
        "operatingIncome": 1.364,
        "netIncome": 0.954,
        "mktcap": 56.7999,
        "sector": "Industrials",
        "name": "3M"
      },
      {
        "stock": "MRK",
        "sentiment_score": 0.636,
        "revenue": 12.294,
        "operatingIncome": 1.462,
        "netIncome": 1.512,
        "mktcap": 114.6396,
        "sector": "Healthcare",
        "name": "Merck"
      },
      {
        "stock": "MSFT",
        "sentiment_score": 0.6667,
        "revenue": 17.367,
        "operatingIncome": 6.171,
        "netIncome": 5.874,
        "mktcap": 209.3249,
        "sector": "Technology",
        "name": "Microsoft"
      },
      {
        "stock": "NKE",
        "sentiment_score": 0.8076,
        "revenue": 5.766,
        "operatingIncome": 0.782,
        "netIncome": 0.594,
        "mktcap": 39.5226,
        "sector": "Consumer Discretionary",
        "name": "Nike"
      },
      {
        "stock": "PFE",
        "sentiment_score": 0.5959,
        "revenue": 16.141,
        "operatingIncome": 2.852,
        "netIncome": 1.439,
        "mktcap": 163.923,
        "sector": "Healthcare",
        "name": "Pfizer"
      },
      {
        "stock": "PG",
        "sentiment_score": 0.5746,
        "revenue": 20.86,
        "operatingIncome": 3.285,
        "netIncome": 2.51,
        "mktcap": 173.8284,
        "sector": "Consumer Staples",
        "name": "Proctor and Gamble"
      },
      {
        "stock": "TRV",
        "sentiment_score": 0.3699,
        "revenue": 6.373,
        "operatingIncome": 0.874,
        "netIncome": 0.618,
        "mktcap": 23.242,
        "sector": "Financials",
        "name": "Travelers"
      },
      {
        "stock": "UNH",
        "sentiment_score": 0.7843,
        "revenue": 25.916,
        "operatingIncome": 2.074,
        "netIncome": 1.258,
        "mktcap": 52.6565,
        "sector": "Healthcare",
        "name": "United Healthcare"
      },
      {
        "stock": "UTX",
        "sentiment_score": 0.3991,
        "revenue": 14.377,
        "operatingIncome": 1.845,
        "netIncome": 1.325,
        "mktcap": 66.3089,
        "sector": "Industrials",
        "name": "United Technologies"
      },
      {
        "stock": "V",
        "sentiment_score": 0.568,
        "revenue": 2.383,
        "operatingIncome": 1.362,
        "netIncome": 0.88,
        "mktcap": 68.2282,
        "sector": "Technology",
        "name": "Visa"
      },
      {
        "stock": "VZ",
        "sentiment_score": 0.7455,
        "revenue": 28.436,
        "operatingIncome": -1.112,
        "netIncome": -2.023,
        "mktcap": 113.7007,
        "sector": "Telecoms",
        "name": "Verizon"
      },
      {
        "stock": "WBA",
        "sentiment_score": 0.6044,
        "revenue": 17.967,
        "operatingIncome": 1.266,
        "netIncome": 0.792,
        "mktcap": 31.312,
        "sector": "Consumer Staples",
        "name": "Walgreen Boots"
      },
      {
        "stock": "WMT",
        "sentiment_score": 0.6221,
        "revenue": 116.36,
        "operatingIncome": 8.004,
        "netIncome": 6.056,
        "mktcap": 191.2754,
        "sector": "Consumer Staples",
        "name": "Walmart"
      },
      {
        "stock": "XOM",
        "sentiment_score": 0.5105,
        "revenue": 107.419,
        "operatingIncome": 11.416,
        "netIncome": 9.4,
        "mktcap": 401.2538,
        "sector": "Energy",
        "name": "ExxonMobil"
      }
    ]
  },
  {
    "quarter": "2012Q1",
    "data": [
      {
        "stock": "AAPL",
        "sentiment_score": 0.748,
        "revenue": 46.333,
        "operatingIncome": 17.34,
        "netIncome": 13.064,
        "mktcap": 377.5467,
        "sector": "Technology",
        "name": "Apple"
      },
      {
        "stock": "AXP",
        "sentiment_score": 0.5829,
        "revenue": 8.161,
        "operatingIncome": 1.773,
        "netIncome": 1.256,
        "mktcap": 67.4648,
        "sector": "Financials",
        "name": "American Express"
      },
      {
        "stock": "BA",
        "sentiment_score": 0.55,
        "revenue": 19.383,
        "operatingIncome": 1.565,
        "netIncome": 0.923,
        "mktcap": 55.6827,
        "sector": "Industrials",
        "name": "Boeing"
      },
      {
        "stock": "CAT",
        "sentiment_score": 0.497,
        "revenue": 15.981,
        "operatingIncome": 2.323,
        "netIncome": 1.586,
        "mktcap": 69.487,
        "sector": "Industrials",
        "name": "Caterpillar"
      },
      {
        "stock": "CSCO",
        "sentiment_score": 0.5869,
        "revenue": 11.256,
        "operatingIncome": 2.21,
        "netIncome": 1.777,
        "mktcap": 105.1937,
        "sector": "Technology",
        "name": "Cisco"
      },
      {
        "stock": "CVX",
        "sentiment_score": 0.4634,
        "revenue": 57.109,
        "operatingIncome": 10.26,
        "netIncome": 6.471,
        "mktcap": 211.5445,
        "sector": "Energy",
        "name": "Chevron"
      },
      {
        "stock": "DIS",
        "sentiment_score": 0.6564,
        "revenue": 10.779,
        "operatingIncome": 2.186,
        "netIncome": 1.464,
        "mktcap": 68.9587,
        "sector": "Consumer Discretionary",
        "name": "Disney"
      },
      {
        "stock": "GE",
        "sentiment_score": 0.6129,
        "revenue": 34.523,
        "operatingIncome": 3.539,
        "netIncome": 3.034,
        "mktcap": 212.4875,
        "sector": "Industrials",
        "name": "General Electric"
      },
      {
        "stock": "GS",
        "sentiment_score": 0.3137,
        "revenue": 11.801,
        "operatingIncome": 3.181,
        "netIncome": 2.109,
        "mktcap": 63.4038,
        "sector": "Financials",
        "name": "Goldman Sachs"
      },
      {
        "stock": "HD",
        "sentiment_score": 0.6444,
        "revenue": 16.823,
        "operatingIncome": 1.422,
        "netIncome": 0.812,
        "mktcap": 54.8052,
        "sector": "Consumer Discretionary",
        "name": "Home Depot"
      },
      {
        "stock": "IBM",
        "sentiment_score": 0.7486,
        "revenue": 24.673,
        "operatingIncome": 3.631,
        "netIncome": 3.066,
        "mktcap": 240.6745,
        "sector": "Technology",
        "name": "IBM"
      },
      {
        "stock": "INTC",
        "sentiment_score": 0.5342,
        "revenue": 12.906,
        "operatingIncome": 3.81,
        "netIncome": 2.738,
        "mktcap": 140.7437,
        "sector": "Technology",
        "name": "Intel"
      },
      {
        "stock": "JNJ",
        "sentiment_score": 0.45,
        "revenue": 16.139,
        "operatingIncome": 4.564,
        "netIncome": 3.91,
        "mktcap": 181.1078,
        "sector": "Healthcare",
        "name": "Johnson and Johnson"
      },
      {
        "stock": "JPM",
        "sentiment_score": 0.3502,
        "revenue": 29.087,
        "operatingIncome": 6.981,
        "netIncome": 4.924,
        "mktcap": 175.7366,
        "sector": "Financials",
        "name": "JP Morgan"
      },
      {
        "stock": "KO",
        "sentiment_score": 0.7418,
        "revenue": 11.137,
        "operatingIncome": 2.509,
        "netIncome": 2.054,
        "mktcap": 167.0406,
        "sector": "Consumer Staples",
        "name": "Coca Cola"
      },
      {
        "stock": "MCD",
        "sentiment_score": 0.6418,
        "revenue": 6.5466,
        "operatingIncome": 1.9646,
        "netIncome": 1.2667,
        "mktcap": 99.6892,
        "sector": "Consumer Discretionary",
        "name": "McDonald's"
      },
      {
        "stock": "MMM",
        "sentiment_score": 0.6313,
        "revenue": 7.486,
        "operatingIncome": 1.634,
        "netIncome": 1.125,
        "mktcap": 61.9003,
        "sector": "Industrials",
        "name": "3M"
      },
      {
        "stock": "MRK",
        "sentiment_score": 0.6606,
        "revenue": 11.731,
        "operatingIncome": 2.539,
        "netIncome": 1.738,
        "mktcap": 116.8122,
        "sector": "Healthcare",
        "name": "Merck"
      },
      {
        "stock": "MSFT",
        "sentiment_score": 0.6541,
        "revenue": 17.372,
        "operatingIncome": 7.203,
        "netIncome": 5.738,
        "mktcap": 217.5967,
        "sector": "Technology",
        "name": "Microsoft"
      },
      {
        "stock": "NKE",
        "sentiment_score": 0.6917,
        "revenue": 6.081,
        "operatingIncome": 0.87,
        "netIncome": 0.645,
        "mktcap": 40.2056,
        "sector": "Consumer Discretionary",
        "name": "Nike"
      },
      {
        "stock": "PFE",
        "sentiment_score": 0.5191,
        "revenue": 14.885,
        "operatingIncome": 4.093,
        "netIncome": 1.794,
        "mktcap": 169.5688,
        "sector": "Healthcare",
        "name": "Pfizer"
      },
      {
        "stock": "PG",
        "sentiment_score": 0.6118,
        "revenue": 21.53,
        "operatingIncome": 4.25,
        "netIncome": 3.024,
        "mktcap": 183.746,
        "sector": "Consumer Staples",
        "name": "Proctor and Gamble"
      },
      {
        "stock": "TRV",
        "sentiment_score": 0.3988,
        "revenue": 6.392,
        "operatingIncome": 1.173,
        "netIncome": 0.806,
        "mktcap": 23.0762,
        "sector": "Financials",
        "name": "Travelers"
      },
      {
        "stock": "UNH",
        "sentiment_score": 0.608,
        "revenue": 27.282,
        "operatingIncome": 2.317,
        "netIncome": 1.388,
        "mktcap": 60.885,
        "sector": "Healthcare",
        "name": "United Healthcare"
      },
      {
        "stock": "UTX",
        "sentiment_score": 0.4457,
        "revenue": 12.416,
        "operatingIncome": 1.713,
        "netIncome": 0.33,
        "mktcap": 75.588,
        "sector": "Industrials",
        "name": "United Technologies"
      },
      {
        "stock": "V",
        "sentiment_score": 0.568,
        "revenue": 2.547,
        "operatingIncome": 1.618,
        "netIncome": 1.029,
        "mktcap": 79.414,
        "sector": "Technology",
        "name": "Visa"
      },
      {
        "stock": "VZ",
        "sentiment_score": 0.6281,
        "revenue": 28.242,
        "operatingIncome": 5.195,
        "netIncome": 1.686,
        "mktcap": 108.6127,
        "sector": "Telecoms",
        "name": "Verizon"
      },
      {
        "stock": "WBA",
        "sentiment_score": 0.5352,
        "revenue": 18.157,
        "operatingIncome": 0.9,
        "netIncome": 0.554,
        "mktcap": 29.4545,
        "sector": "Consumer Staples",
        "name": "Walgreen Boots"
      },
      {
        "stock": "WMT",
        "sentiment_score": 0.5929,
        "revenue": 104.189,
        "operatingIncome": 5.896,
        "netIncome": 3.399,
        "mktcap": 182.482,
        "sector": "Consumer Staples",
        "name": "Walmart"
      },
      {
        "stock": "XOM",
        "sentiment_score": 0.6468,
        "revenue": 110.696,
        "operatingIncome": 12.758,
        "netIncome": 9.45,
        "mktcap": 405.5495,
        "sector": "Energy",
        "name": "ExxonMobil"
      }
    ]
  },
  {
    "quarter": "2012Q2",
    "data": [
      {
        "stock": "AAPL",
        "sentiment_score": 0.6622,
        "revenue": 39.186,
        "operatingIncome": 15.384,
        "netIncome": 11.622,
        "mktcap": 560.5685,
        "sector": "Technology",
        "name": "Apple"
      },
      {
        "stock": "AXP",
        "sentiment_score": 0.475,
        "revenue": 8.515,
        "operatingIncome": 1.879,
        "netIncome": 1.339,
        "mktcap": 66.3012,
        "sector": "Financials",
        "name": "American Express"
      },
      {
        "stock": "BA",
        "sentiment_score": 0.5635,
        "revenue": 20.005,
        "operatingIncome": 1.548,
        "netIncome": 0.967,
        "mktcap": 55.8251,
        "sector": "Industrials",
        "name": "Boeing"
      },
      {
        "stock": "CAT",
        "sentiment_score": 0.3587,
        "revenue": 17.374,
        "operatingIncome": 2.616,
        "netIncome": 1.699,
        "mktcap": 55.469,
        "sector": "Industrials",
        "name": "Caterpillar"
      },
      {
        "stock": "CSCO",
        "sentiment_score": 0.6203,
        "revenue": 11.527,
        "operatingIncome": 2.734,
        "netIncome": 2.182,
        "mktcap": 107.5523,
        "sector": "Technology",
        "name": "Cisco"
      },
      {
        "stock": "CVX",
        "sentiment_score": 0.5183,
        "revenue": 57.851,
        "operatingIncome": 9.527,
        "netIncome": 7.21,
        "mktcap": 207.0058,
        "sector": "Energy",
        "name": "Chevron"
      },
      {
        "stock": "DIS",
        "sentiment_score": 0.7415,
        "revenue": 9.629,
        "operatingIncome": 1.833,
        "netIncome": 1.143,
        "mktcap": 79.5701,
        "sector": "Consumer Discretionary",
        "name": "Disney"
      },
      {
        "stock": "GE",
        "sentiment_score": 0.5106,
        "revenue": 36.004,
        "operatingIncome": 4.017,
        "netIncome": 3.105,
        "mktcap": 220.0463,
        "sector": "Industrials",
        "name": "General Electric"
      },
      {
        "stock": "GS",
        "sentiment_score": 0.3661,
        "revenue": 8.592,
        "operatingIncome": 1.415,
        "netIncome": 0.962,
        "mktcap": 47.5849,
        "sector": "Financials",
        "name": "Goldman Sachs"
      },
      {
        "stock": "HD",
        "sentiment_score": 0.6413,
        "revenue": 20.232,
        "operatingIncome": 2.294,
        "netIncome": 1.363,
        "mktcap": 55.6609,
        "sector": "Consumer Discretionary",
        "name": "Home Depot"
      },
      {
        "stock": "IBM",
        "sentiment_score": 0.7338,
        "revenue": 25.783,
        "operatingIncome": 4.857,
        "netIncome": 3.881,
        "mktcap": 223.5039,
        "sector": "Technology",
        "name": "IBM"
      },
      {
        "stock": "INTC",
        "sentiment_score": 0.4762,
        "revenue": 13.501,
        "operatingIncome": 3.832,
        "netIncome": 2.827,
        "mktcap": 133.5965,
        "sector": "Technology",
        "name": "Intel"
      },
      {
        "stock": "JNJ",
        "sentiment_score": 0.5782,
        "revenue": 16.475,
        "operatingIncome": 4.172,
        "netIncome": 1.408,
        "mktcap": 185.8278,
        "sector": "Healthcare",
        "name": "Johnson and Johnson"
      },
      {
        "stock": "JPM",
        "sentiment_score": 0.1997,
        "revenue": 25.133,
        "operatingIncome": 7,
        "netIncome": 4.96,
        "mktcap": 135.661,
        "sector": "Financials",
        "name": "JP Morgan"
      },
      {
        "stock": "KO",
        "sentiment_score": 0.5857,
        "revenue": 13.085,
        "operatingIncome": 3.294,
        "netIncome": 2.788,
        "mktcap": 176.0057,
        "sector": "Consumer Staples",
        "name": "Coca Cola"
      },
      {
        "stock": "MCD",
        "sentiment_score": 0.5076,
        "revenue": 6.9159,
        "operatingIncome": 2.155,
        "netIncome": 1.347,
        "mktcap": 89.2737,
        "sector": "Consumer Discretionary",
        "name": "McDonald's"
      },
      {
        "stock": "MMM",
        "sentiment_score": 0.6035,
        "revenue": 7.534,
        "operatingIncome": 1.728,
        "netIncome": 1.167,
        "mktcap": 61.9422,
        "sector": "Industrials",
        "name": "3M"
      },
      {
        "stock": "MRK",
        "sentiment_score": 0.5929,
        "revenue": 12.311,
        "operatingIncome": 2.641,
        "netIncome": 1.793,
        "mktcap": 126.8745,
        "sector": "Healthcare",
        "name": "Merck"
      },
      {
        "stock": "MSFT",
        "sentiment_score": 0.6403,
        "revenue": 20.885,
        "operatingIncome": 7.994,
        "netIncome": 6.624,
        "mktcap": 270.942,
        "sector": "Technology",
        "name": "Microsoft"
      },
      {
        "stock": "NKE",
        "sentiment_score": 0.7229,
        "revenue": 5.546,
        "operatingIncome": 0.645,
        "netIncome": 0.469,
        "mktcap": 44.1466,
        "sector": "Consumer Discretionary",
        "name": "Nike"
      },
      {
        "stock": "PFE",
        "sentiment_score": 0.6192,
        "revenue": 13.968,
        "operatingIncome": 4.868,
        "netIncome": 3.253,
        "mktcap": 171.7981,
        "sector": "Healthcare",
        "name": "Pfizer"
      },
      {
        "stock": "PG",
        "sentiment_score": 0.4925,
        "revenue": 21.744,
        "operatingIncome": 2.68,
        "netIncome": 1.69,
        "mktcap": 184.1625,
        "sector": "Consumer Staples",
        "name": "Proctor and Gamble"
      },
      {
        "stock": "TRV",
        "sentiment_score": 0.3983,
        "revenue": 6.359,
        "operatingIncome": 0.704,
        "netIncome": 0.499,
        "mktcap": 24.6422,
        "sector": "Financials",
        "name": "Travelers"
      },
      {
        "stock": "UNH",
        "sentiment_score": 0.5758,
        "revenue": 27.265,
        "operatingIncome": 2.226,
        "netIncome": 1.337,
        "mktcap": 59.904,
        "sector": "Healthcare",
        "name": "United Healthcare"
      },
      {
        "stock": "UTX",
        "sentiment_score": 0.4662,
        "revenue": 13.807,
        "operatingIncome": 2.179,
        "netIncome": 1.328,
        "mktcap": 68.8673,
        "sector": "Industrials",
        "name": "United Technologies"
      },
      {
        "stock": "V",
        "sentiment_score": 0.6076,
        "revenue": 2.578,
        "operatingIncome": 1.606,
        "netIncome": 1.292,
        "mktcap": 82.7085,
        "sector": "Technology",
        "name": "Visa"
      },
      {
        "stock": "VZ",
        "sentiment_score": 0.6093,
        "revenue": 28.552,
        "operatingIncome": 5.651,
        "netIncome": 1.825,
        "mktcap": 126.6041,
        "sector": "Telecoms",
        "name": "Verizon"
      },
      {
        "stock": "WBA",
        "sentiment_score": 0.632,
        "revenue": 18.651,
        "operatingIncome": 1.105,
        "netIncome": 0.683,
        "mktcap": 28.6088,
        "sector": "Consumer Staples",
        "name": "Walgreen Boots"
      },
      {
        "stock": "WMT",
        "sentiment_score": 0.6348,
        "revenue": 109.366,
        "operatingIncome": 6.383,
        "netIncome": 3.801,
        "mktcap": 194.9466,
        "sector": "Consumer Staples",
        "name": "Walmart"
      },
      {
        "stock": "XOM",
        "sentiment_score": 0.4372,
        "revenue": 104.718,
        "operatingIncome": 11.623,
        "netIncome": 15.91,
        "mktcap": 394.9911,
        "sector": "Energy",
        "name": "ExxonMobil"
      }
    ]
  },
  {
    "quarter": "2012Q3",
    "data": [
      {
        "stock": "AAPL",
        "sentiment_score": 0.6013,
        "revenue": 35.023,
        "operatingIncome": 11.573,
        "netIncome": 8.824,
        "mktcap": 547.3633,
        "sector": "Technology",
        "name": "Apple"
      },
      {
        "stock": "AXP",
        "sentiment_score": 0.4654,
        "revenue": 8.42,
        "operatingIncome": 1.87,
        "netIncome": 1.25,
        "mktcap": 63.7969,
        "sector": "Financials",
        "name": "American Express"
      },
      {
        "stock": "BA",
        "sentiment_score": 0.6286,
        "revenue": 20.008,
        "operatingIncome": 1.559,
        "netIncome": 1.032,
        "mktcap": 52.4557,
        "sector": "Industrials",
        "name": "Boeing"
      },
      {
        "stock": "CAT",
        "sentiment_score": 0.3214,
        "revenue": 16.445,
        "operatingIncome": 2.596,
        "netIncome": 1.699,
        "mktcap": 56.2645,
        "sector": "Industrials",
        "name": "Caterpillar"
      },
      {
        "stock": "CSCO",
        "sentiment_score": 0.5674,
        "revenue": 11.588,
        "operatingIncome": 2.75,
        "netIncome": 2.165,
        "mktcap": 84.0793,
        "sector": "Technology",
        "name": "Cisco"
      },
      {
        "stock": "CVX",
        "sentiment_score": 0.4652,
        "revenue": 53.497,
        "operatingIncome": 7.548,
        "netIncome": 5.253,
        "mktcap": 228.129,
        "sector": "Energy",
        "name": "Chevron"
      },
      {
        "stock": "DIS",
        "sentiment_score": 0.7486,
        "revenue": 11.088,
        "operatingIncome": 2.953,
        "netIncome": 1.831,
        "mktcap": 87.7316,
        "sector": "Consumer Discretionary",
        "name": "Disney"
      },
      {
        "stock": "GE",
        "sentiment_score": 0.5602,
        "revenue": 35.467,
        "operatingIncome": 3.411,
        "netIncome": 3.491,
        "mktcap": 238.1439,
        "sector": "Industrials",
        "name": "General Electric"
      },
      {
        "stock": "GS",
        "sentiment_score": 0.2785,
        "revenue": 10.144,
        "operatingIncome": 2.298,
        "netIncome": 1.512,
        "mktcap": 55.2598,
        "sector": "Financials",
        "name": "Goldman Sachs"
      },
      {
        "stock": "HD",
        "sentiment_score": 0.5446,
        "revenue": 17.326,
        "operatingIncome": 1.615,
        "netIncome": 0.934,
        "mktcap": 68.9652,
        "sector": "Consumer Discretionary",
        "name": "Home Depot"
      },
      {
        "stock": "IBM",
        "sentiment_score": 0.6022,
        "revenue": 24.747,
        "operatingIncome": 4.29,
        "netIncome": 3.824,
        "mktcap": 234.4045,
        "sector": "Technology",
        "name": "IBM"
      },
      {
        "stock": "INTC",
        "sentiment_score": 0.3723,
        "revenue": 13.457,
        "operatingIncome": 3.841,
        "netIncome": 2.972,
        "mktcap": 112.8672,
        "sector": "Technology",
        "name": "Intel"
      },
      {
        "stock": "JNJ",
        "sentiment_score": 0.6343,
        "revenue": 17.052,
        "operatingIncome": 3.625,
        "netIncome": 2.968,
        "mktcap": 190.3679,
        "sector": "Healthcare",
        "name": "Johnson and Johnson"
      },
      {
        "stock": "JPM",
        "sentiment_score": 0.3252,
        "revenue": 27.799,
        "operatingIncome": 7.986,
        "netIncome": 5.708,
        "mktcap": 153.8061,
        "sector": "Financials",
        "name": "JP Morgan"
      },
      {
        "stock": "KO",
        "sentiment_score": 0.7764,
        "revenue": 12.34,
        "operatingIncome": 2.793,
        "netIncome": 2.311,
        "mktcap": 170.154,
        "sector": "Consumer Staples",
        "name": "Coca Cola"
      },
      {
        "stock": "MCD",
        "sentiment_score": 0.5668,
        "revenue": 7.1524,
        "operatingIncome": 2.2872,
        "netIncome": 1.455,
        "mktcap": 92.117,
        "sector": "Consumer Discretionary",
        "name": "McDonald's"
      },
      {
        "stock": "MMM",
        "sentiment_score": 0.5739,
        "revenue": 7.497,
        "operatingIncome": 1.678,
        "netIncome": 1.161,
        "mktcap": 63.9483,
        "sector": "Industrials",
        "name": "3M"
      },
      {
        "stock": "MRK",
        "sentiment_score": 0.6091,
        "revenue": 11.488,
        "operatingIncome": 2.26,
        "netIncome": 1.729,
        "mktcap": 137.2874,
        "sector": "Healthcare",
        "name": "Merck"
      },
      {
        "stock": "MSFT",
        "sentiment_score": 0.6992,
        "revenue": 17.407,
        "operatingIncome": 6.374,
        "netIncome": 5.108,
        "mktcap": 256.3748,
        "sector": "Technology",
        "name": "Microsoft"
      },
      {
        "stock": "NKE",
        "sentiment_score": 0.8099,
        "revenue": 5.656,
        "operatingIncome": 0.777,
        "netIncome": 0.56,
        "mktcap": 49.5353,
        "sector": "Consumer Discretionary",
        "name": "Nike"
      },
      {
        "stock": "PFE",
        "sentiment_score": 0.4976,
        "revenue": 12.953,
        "operatingIncome": 3.118,
        "netIncome": 3.208,
        "mktcap": 182.96,
        "sector": "Healthcare",
        "name": "Pfizer"
      },
      {
        "stock": "PG",
        "sentiment_score": 0.5861,
        "revenue": 20.194,
        "operatingIncome": 3.299,
        "netIncome": 2.411,
        "mktcap": 168.315,
        "sector": "Consumer Staples",
        "name": "Proctor and Gamble"
      },
      {
        "stock": "TRV",
        "sentiment_score": 0.5166,
        "revenue": 6.512,
        "operatingIncome": 1.263,
        "netIncome": 0.864,
        "mktcap": 26.0753,
        "sector": "Financials",
        "name": "Travelers"
      },
      {
        "stock": "UNH",
        "sentiment_score": 0.6094,
        "revenue": 27.302,
        "operatingIncome": 2.61,
        "netIncome": 1.557,
        "mktcap": 56.0749,
        "sector": "Healthcare",
        "name": "United Healthcare"
      },
      {
        "stock": "UTX",
        "sentiment_score": 0.3774,
        "revenue": 15.042,
        "operatingIncome": 2.041,
        "netIncome": 1.415,
        "mktcap": 71.7563,
        "sector": "Industrials",
        "name": "United Technologies"
      },
      {
        "stock": "V",
        "sentiment_score": 0.4566,
        "revenue": 2.565,
        "operatingIncome": -2.607,
        "netIncome": -1.839,
        "mktcap": 89.9209,
        "sector": "Technology",
        "name": "Visa"
      },
      {
        "stock": "VZ",
        "sentiment_score": 0.5714,
        "revenue": 29.007,
        "operatingIncome": 5.483,
        "netIncome": 1.593,
        "mktcap": 130.0531,
        "sector": "Telecoms",
        "name": "Verizon"
      },
      {
        "stock": "WBA",
        "sentiment_score": 0.5714,
        "revenue": 17.752,
        "operatingIncome": 0.873,
        "netIncome": 0.537,
        "mktcap": 26.2852,
        "sector": "Consumer Staples",
        "name": "Walgreen Boots"
      },
      {
        "stock": "WMT",
        "sentiment_score": 0.6812,
        "revenue": 110.226,
        "operatingIncome": 5.878,
        "netIncome": 3.336,
        "mktcap": 209.7285,
        "sector": "Consumer Staples",
        "name": "Walmart"
      },
      {
        "stock": "XOM",
        "sentiment_score": 0.4805,
        "revenue": 102.852,
        "operatingIncome": 13.227,
        "netIncome": 9.57,
        "mktcap": 416.9205,
        "sector": "Energy",
        "name": "ExxonMobil"
      }
    ]
  },
  {
    "quarter": "2012Q4",
    "data": [
      {
        "stock": "AAPL",
        "sentiment_score": 0.6138,
        "revenue": 35.966,
        "operatingIncome": 10.944,
        "netIncome": 8.223,
        "mktcap": 626.5504,
        "sector": "Technology",
        "name": "Apple"
      },
      {
        "stock": "AXP",
        "sentiment_score": 0.4851,
        "revenue": 8.685,
        "operatingIncome": 0.929,
        "netIncome": 0.637,
        "mktcap": 63.5154,
        "sector": "Financials",
        "name": "American Express"
      },
      {
        "stock": "BA",
        "sentiment_score": 0.5787,
        "revenue": 22.302,
        "operatingIncome": 1.624,
        "netIncome": 0.978,
        "mktcap": 56.9443,
        "sector": "Industrials",
        "name": "Boeing"
      },
      {
        "stock": "CAT",
        "sentiment_score": 0.3529,
        "revenue": 16.075,
        "operatingIncome": 1.038,
        "netIncome": 0.697,
        "mktcap": 58.6979,
        "sector": "Industrials",
        "name": "Caterpillar"
      },
      {
        "stock": "CSCO",
        "sentiment_score": 0.591,
        "revenue": 11.69,
        "operatingIncome": 2.371,
        "netIncome": 1.917,
        "mktcap": 91.8272,
        "sector": "Technology",
        "name": "Cisco"
      },
      {
        "stock": "CVX",
        "sentiment_score": 0.5202,
        "revenue": 54.123,
        "operatingIncome": 7.678,
        "netIncome": 7.245,
        "mktcap": 210.5159,
        "sector": "Energy",
        "name": "Chevron"
      },
      {
        "stock": "DIS",
        "sentiment_score": 0.7398,
        "revenue": 10.782,
        "operatingIncome": 2.03,
        "netIncome": 1.244,
        "mktcap": 94.104,
        "sector": "Consumer Discretionary",
        "name": "Disney"
      },
      {
        "stock": "GE",
        "sentiment_score": 0.6438,
        "revenue": 38.336,
        "operatingIncome": 4.695,
        "netIncome": 4.011,
        "mktcap": 218.4141,
        "sector": "Industrials",
        "name": "General Electric"
      },
      {
        "stock": "GS",
        "sentiment_score": 0.4343,
        "revenue": 11.127,
        "operatingIncome": 4.313,
        "netIncome": 2.892,
        "mktcap": 59.3343,
        "sector": "Financials",
        "name": "Goldman Sachs"
      },
      {
        "stock": "HD",
        "sentiment_score": 0.6579,
        "revenue": 16.014,
        "operatingIncome": 1.33,
        "netIncome": 0.774,
        "mktcap": 79.4835,
        "sector": "Consumer Discretionary",
        "name": "Home Depot"
      },
      {
        "stock": "IBM",
        "sentiment_score": 0.7273,
        "revenue": 29.304,
        "operatingIncome": 7.666,
        "netIncome": 5.833,
        "mktcap": 214.0318,
        "sector": "Technology",
        "name": "IBM"
      },
      {
        "stock": "INTC",
        "sentiment_score": 0.6038,
        "revenue": 13.477,
        "operatingIncome": 3.155,
        "netIncome": 2.468,
        "mktcap": 100.0171,
        "sector": "Technology",
        "name": "Intel"
      },
      {
        "stock": "JNJ",
        "sentiment_score": 0.608,
        "revenue": 17.558,
        "operatingIncome": 3.508,
        "netIncome": 2.567,
        "mktcap": 193.0494,
        "sector": "Healthcare",
        "name": "Johnson and Johnson"
      },
      {
        "stock": "JPM",
        "sentiment_score": 0.4122,
        "revenue": 26.165,
        "operatingIncome": 6.95,
        "netIncome": 5.692,
        "mktcap": 167.2564,
        "sector": "Financials",
        "name": "JP Morgan"
      },
      {
        "stock": "KO",
        "sentiment_score": 0.6909,
        "revenue": 11.455,
        "operatingIncome": 2.183,
        "netIncome": 1.866,
        "mktcap": 162.0012,
        "sector": "Consumer Staples",
        "name": "Coca Cola"
      },
      {
        "stock": "MCD",
        "sentiment_score": 0.6299,
        "revenue": 6.9521,
        "operatingIncome": 2.1978,
        "netIncome": 1.3961,
        "mktcap": 88.4482,
        "sector": "Consumer Discretionary",
        "name": "McDonald's"
      },
      {
        "stock": "MMM",
        "sentiment_score": 0.534,
        "revenue": 7.387,
        "operatingIncome": 1.443,
        "netIncome": 0.991,
        "mktcap": 63.7965,
        "sector": "Industrials",
        "name": "3M"
      },
      {
        "stock": "MRK",
        "sentiment_score": 0.5073,
        "revenue": 11.738,
        "operatingIncome": 1.773,
        "netIncome": 0.908,
        "mktcap": 123.9104,
        "sector": "Healthcare",
        "name": "Merck"
      },
      {
        "stock": "MSFT",
        "sentiment_score": 0.6641,
        "revenue": 18.059,
        "operatingIncome": 0.192,
        "netIncome": -0.492,
        "mktcap": 250.6387,
        "sector": "Technology",
        "name": "Microsoft"
      },
      {
        "stock": "NKE",
        "sentiment_score": 0.7148,
        "revenue": 6.236,
        "operatingIncome": 0.773,
        "netIncome": 0.549,
        "mktcap": 49.5464,
        "sector": "Consumer Discretionary",
        "name": "Nike"
      },
      {
        "stock": "PFE",
        "sentiment_score": 0.5939,
        "revenue": 13.891,
        "operatingIncome": 2.835,
        "netIncome": 6.315,
        "mktcap": 182.4771,
        "sector": "Healthcare",
        "name": "Pfizer"
      },
      {
        "stock": "PG",
        "sentiment_score": 0.726,
        "revenue": 20.212,
        "operatingIncome": 3.063,
        "netIncome": 3.631,
        "mktcap": 189.6462,
        "sector": "Consumer Staples",
        "name": "Proctor and Gamble"
      },
      {
        "stock": "TRV",
        "sentiment_score": 0.3893,
        "revenue": 6.477,
        "operatingIncome": 0.404,
        "netIncome": 0.304,
        "mktcap": 27.1049,
        "sector": "Financials",
        "name": "Travelers"
      },
      {
        "stock": "UNH",
        "sentiment_score": 0.6389,
        "revenue": 28.769,
        "operatingIncome": 2.101,
        "netIncome": 1.244,
        "mktcap": 55.2706,
        "sector": "Healthcare",
        "name": "United Healthcare"
      },
      {
        "stock": "UTX",
        "sentiment_score": 0.4316,
        "revenue": 16.443,
        "operatingIncome": 1.751,
        "netIncome": 2.057,
        "mktcap": 75.3548,
        "sector": "Industrials",
        "name": "United Technologies"
      },
      {
        "stock": "V",
        "sentiment_score": 0.5215,
        "revenue": 2.731,
        "operatingIncome": 1.522,
        "netIncome": 1.662,
        "mktcap": 100.346,
        "sector": "Technology",
        "name": "Visa"
      },
      {
        "stock": "VZ",
        "sentiment_score": 0.6234,
        "revenue": 30.045,
        "operatingIncome": -3.169,
        "netIncome": -4.229,
        "mktcap": 123.6903,
        "sector": "Telecoms",
        "name": "Verizon"
      },
      {
        "stock": "WBA",
        "sentiment_score": 0.6157,
        "revenue": 17.073,
        "operatingIncome": 0.586,
        "netIncome": 0.353,
        "mktcap": 33.7594,
        "sector": "Consumer Staples",
        "name": "Walgreen Boots"
      },
      {
        "stock": "WMT",
        "sentiment_score": 0.8241,
        "revenue": 123.169,
        "operatingIncome": 8.401,
        "netIncome": 5.163,
        "mktcap": 199.9995,
        "sector": "Consumer Staples",
        "name": "Walmart"
      },
      {
        "stock": "XOM",
        "sentiment_score": 0.5,
        "revenue": 101.409,
        "operatingIncome": 12.273,
        "netIncome": 9.95,
        "mktcap": 389.6481,
        "sector": "Energy",
        "name": "ExxonMobil"
      }
    ]
  },
  {
    "quarter": "2013Q1",
    "data": [
      {
        "stock": "AAPL",
        "sentiment_score": 0.6424,
        "revenue": 54.512,
        "operatingIncome": 17.21,
        "netIncome": 13.078,
        "mktcap": 478.4905,
        "sector": "Technology",
        "name": "Apple"
      },
      {
        "stock": "AXP",
        "sentiment_score": 0.4439,
        "revenue": 8.4,
        "operatingIncome": 1.909,
        "netIncome": 1.28,
        "mktcap": 74.0711,
        "sector": "Financials",
        "name": "American Express"
      },
      {
        "stock": "BA",
        "sentiment_score": 0.6667,
        "revenue": 18.893,
        "operatingIncome": 1.528,
        "netIncome": 1.106,
        "mktcap": 65.1019,
        "sector": "Industrials",
        "name": "Boeing"
      },
      {
        "stock": "CAT",
        "sentiment_score": 0.3117,
        "revenue": 13.21,
        "operatingIncome": 1.218,
        "netIncome": 0.88,
        "mktcap": 57.1815,
        "sector": "Industrials",
        "name": "Caterpillar"
      },
      {
        "stock": "CSCO",
        "sentiment_score": 0.585,
        "revenue": 11.876,
        "operatingIncome": 2.651,
        "netIncome": 2.092,
        "mktcap": 112.5815,
        "sector": "Technology",
        "name": "Cisco"
      },
      {
        "stock": "CVX",
        "sentiment_score": 0.64,
        "revenue": 52.263,
        "operatingIncome": 7.761,
        "netIncome": 6.178,
        "mktcap": 231.3066,
        "sector": "Energy",
        "name": "Chevron"
      },
      {
        "stock": "DIS",
        "sentiment_score": 0.5723,
        "revenue": 11.341,
        "operatingIncome": 1.99,
        "netIncome": 1.382,
        "mktcap": 88.47,
        "sector": "Consumer Discretionary",
        "name": "Disney"
      },
      {
        "stock": "GE",
        "sentiment_score": 0.4357,
        "revenue": 33.328,
        "operatingIncome": 2.745,
        "netIncome": 3.527,
        "mktcap": 239.0636,
        "sector": "Industrials",
        "name": "General Electric"
      },
      {
        "stock": "GS",
        "sentiment_score": 0.4257,
        "revenue": 11.773,
        "operatingIncome": 3.373,
        "netIncome": 2.26,
        "mktcap": 67.8041,
        "sector": "Financials",
        "name": "Goldman Sachs"
      },
      {
        "stock": "HD",
        "sentiment_score": 0.5674,
        "revenue": 17.808,
        "operatingIncome": 1.714,
        "netIncome": 1.035,
        "mktcap": 80.941,
        "sector": "Consumer Discretionary",
        "name": "Home Depot"
      },
      {
        "stock": "IBM",
        "sentiment_score": 0.5556,
        "revenue": 23.408,
        "operatingIncome": 3.457,
        "netIncome": 3.032,
        "mktcap": 236.5058,
        "sector": "Technology",
        "name": "IBM"
      },
      {
        "stock": "INTC",
        "sentiment_score": 0.6732,
        "revenue": 12.58,
        "operatingIncome": 2.519,
        "netIncome": 2.045,
        "mktcap": 108.0396,
        "sector": "Technology",
        "name": "Intel"
      },
      {
        "stock": "JNJ",
        "sentiment_score": 0.4444,
        "revenue": 17.505,
        "operatingIncome": 4.88,
        "netIncome": 3.497,
        "mktcap": 228.542,
        "sector": "Healthcare",
        "name": "Johnson and Johnson"
      },
      {
        "stock": "JPM",
        "sentiment_score": 0.3874,
        "revenue": 27.616,
        "operatingIncome": 9.082,
        "netIncome": 6.529,
        "mktcap": 179.8629,
        "sector": "Financials",
        "name": "JP Morgan"
      },
      {
        "stock": "KO",
        "sentiment_score": 0.8167,
        "revenue": 11.035,
        "operatingIncome": 2.408,
        "netIncome": 1.751,
        "mktcap": 179.8771,
        "sector": "Consumer Staples",
        "name": "Coca Cola"
      },
      {
        "stock": "MCD",
        "sentiment_score": 0.5022,
        "revenue": 6.6053,
        "operatingIncome": 1.9495,
        "netIncome": 1.2702,
        "mktcap": 99.9392,
        "sector": "Consumer Discretionary",
        "name": "McDonald's"
      },
      {
        "stock": "MMM",
        "sentiment_score": 0.5182,
        "revenue": 7.634,
        "operatingIncome": 1.646,
        "netIncome": 1.129,
        "mktcap": 73.3746,
        "sector": "Industrials",
        "name": "3M"
      },
      {
        "stock": "MRK",
        "sentiment_score": 0.5847,
        "revenue": 10.671,
        "operatingIncome": 1.699,
        "netIncome": 1.593,
        "mktcap": 133.368,
        "sector": "Healthcare",
        "name": "Merck"
      },
      {
        "stock": "MSFT",
        "sentiment_score": 0.5147,
        "revenue": 16.008,
        "operatingIncome": 5.308,
        "netIncome": 4.466,
        "mktcap": 223.6669,
        "sector": "Technology",
        "name": "Microsoft"
      },
      {
        "stock": "NKE",
        "sentiment_score": 0.7045,
        "revenue": 6.474,
        "operatingIncome": 0.769,
        "netIncome": 0.567,
        "mktcap": 43.9094,
        "sector": "Consumer Discretionary",
        "name": "Nike"
      },
      {
        "stock": "PFE",
        "sentiment_score": 0.5405,
        "revenue": 12.41,
        "operatingIncome": 3.87,
        "netIncome": 2.75,
        "mktcap": 204.7104,
        "sector": "Healthcare",
        "name": "Pfizer"
      },
      {
        "stock": "PG",
        "sentiment_score": 0.6815,
        "revenue": 20.739,
        "operatingIncome": 3.951,
        "netIncome": 2.814,
        "mktcap": 185.4518,
        "sector": "Consumer Staples",
        "name": "Proctor and Gamble"
      },
      {
        "stock": "TRV",
        "sentiment_score": 0.3725,
        "revenue": 6.328,
        "operatingIncome": 1.312,
        "netIncome": 0.896,
        "mktcap": 31.6891,
        "sector": "Financials",
        "name": "Travelers"
      },
      {
        "stock": "UNH",
        "sentiment_score": 0.583,
        "revenue": 30.34,
        "operatingIncome": 2.139,
        "netIncome": 1.192,
        "mktcap": 57.9537,
        "sector": "Healthcare",
        "name": "United Healthcare"
      },
      {
        "stock": "UTX",
        "sentiment_score": 0.4839,
        "revenue": 14.399,
        "operatingIncome": 2.006,
        "netIncome": 1.266,
        "mktcap": 85.8903,
        "sector": "Industrials",
        "name": "United Technologies"
      },
      {
        "stock": "V",
        "sentiment_score": 0.6187,
        "revenue": 2.846,
        "operatingIncome": 1.8,
        "netIncome": 1.293,
        "mktcap": 110.5658,
        "sector": "Technology",
        "name": "Visa"
      },
      {
        "stock": "VZ",
        "sentiment_score": 0.648,
        "revenue": 29.42,
        "operatingIncome": 6.222,
        "netIncome": 1.952,
        "mktcap": 140.6239,
        "sector": "Telecoms",
        "name": "Verizon"
      },
      {
        "stock": "WBA",
        "sentiment_score": 0.6438,
        "revenue": 17.316,
        "operatingIncome": 0.701,
        "netIncome": 0.413,
        "mktcap": 32.0485,
        "sector": "Consumer Staples",
        "name": "Walgreen Boots"
      },
      {
        "stock": "WMT",
        "sentiment_score": 0.5929,
        "revenue": 113.01,
        "operatingIncome": 6.387,
        "netIncome": 3.742,
        "mktcap": 250.978,
        "sector": "Consumer Staples",
        "name": "Walmart"
      },
      {
        "stock": "XOM",
        "sentiment_score": 0.6014,
        "revenue": 96.336,
        "operatingIncome": 11.083,
        "netIncome": 9.5,
        "mktcap": 400.6291,
        "sector": "Energy",
        "name": "ExxonMobil"
      }
    ]
  },
  {
    "quarter": "2013Q2",
    "data": [
      {
        "stock": "AAPL",
        "sentiment_score": 0.6821,
        "revenue": 43.603,
        "operatingIncome": 12.558,
        "netIncome": 9.547,
        "mktcap": 416.142,
        "sector": "Technology",
        "name": "Apple"
      },
      {
        "stock": "AXP",
        "sentiment_score": 0.5379,
        "revenue": 8.737,
        "operatingIncome": 1.995,
        "netIncome": 1.405,
        "mktcap": 81.0398,
        "sector": "Financials",
        "name": "American Express"
      },
      {
        "stock": "BA",
        "sentiment_score": 0.6094,
        "revenue": 21.815,
        "operatingIncome": 1.716,
        "netIncome": 1.088,
        "mktcap": 77.2433,
        "sector": "Industrials",
        "name": "Boeing"
      },
      {
        "stock": "CAT",
        "sentiment_score": 0.32,
        "revenue": 14.621,
        "operatingIncome": 1.557,
        "netIncome": 0.96,
        "mktcap": 53.4218,
        "sector": "Industrials",
        "name": "Caterpillar"
      },
      {
        "stock": "CSCO",
        "sentiment_score": 0.64,
        "revenue": 12.098,
        "operatingIncome": 2.789,
        "netIncome": 3.143,
        "mktcap": 109.8611,
        "sector": "Technology",
        "name": "Cisco"
      },
      {
        "stock": "CVX",
        "sentiment_score": 0.6519,
        "revenue": 53.199,
        "operatingIncome": 6.527,
        "netIncome": 5.365,
        "mktcap": 230.3722,
        "sector": "Energy",
        "name": "Chevron"
      },
      {
        "stock": "DIS",
        "sentiment_score": 0.68,
        "revenue": 10.554,
        "operatingIncome": 2.144,
        "netIncome": 1.513,
        "mktcap": 102.24,
        "sector": "Consumer Discretionary",
        "name": "Disney"
      },
      {
        "stock": "GE",
        "sentiment_score": 0.6141,
        "revenue": 34.955,
        "operatingIncome": 3.841,
        "netIncome": 3.133,
        "mktcap": 236.1619,
        "sector": "Industrials",
        "name": "General Electric"
      },
      {
        "stock": "GS",
        "sentiment_score": 0.3382,
        "revenue": 10.449,
        "operatingIncome": 2.645,
        "netIncome": 1.931,
        "mktcap": 68.1352,
        "sector": "Financials",
        "name": "Goldman Sachs"
      },
      {
        "stock": "HD",
        "sentiment_score": 0.6684,
        "revenue": 20.57,
        "operatingIncome": 2.569,
        "netIncome": 1.532,
        "mktcap": 89.8198,
        "sector": "Consumer Discretionary",
        "name": "Home Depot"
      },
      {
        "stock": "IBM",
        "sentiment_score": 0.6108,
        "revenue": 24.924,
        "operatingIncome": 3.904,
        "netIncome": 3.226,
        "mktcap": 209.3468,
        "sector": "Technology",
        "name": "IBM"
      },
      {
        "stock": "INTC",
        "sentiment_score": 0.6774,
        "revenue": 12.811,
        "operatingIncome": 2.719,
        "netIncome": 2,
        "mktcap": 120.6896,
        "sector": "Technology",
        "name": "Intel"
      },
      {
        "stock": "JNJ",
        "sentiment_score": 0.6477,
        "revenue": 17.877,
        "operatingIncome": 5.066,
        "netIncome": 3.833,
        "mktcap": 241.6262,
        "sector": "Healthcare",
        "name": "Johnson and Johnson"
      },
      {
        "stock": "JPM",
        "sentiment_score": 0.3689,
        "revenue": 27.652,
        "operatingIncome": 9.298,
        "netIncome": 6.496,
        "mktcap": 198.9664,
        "sector": "Financials",
        "name": "JP Morgan"
      },
      {
        "stock": "KO",
        "sentiment_score": 0.6754,
        "revenue": 12.749,
        "operatingIncome": 3.243,
        "netIncome": 2.676,
        "mktcap": 177.8477,
        "sector": "Consumer Staples",
        "name": "Coca Cola"
      },
      {
        "stock": "MCD",
        "sentiment_score": 0.5134,
        "revenue": 7.0838,
        "operatingIncome": 2.1977,
        "netIncome": 1.3965,
        "mktcap": 98.9604,
        "sector": "Consumer Discretionary",
        "name": "McDonald's"
      },
      {
        "stock": "MMM",
        "sentiment_score": 0.6209,
        "revenue": 7.752,
        "operatingIncome": 1.702,
        "netIncome": 1.197,
        "mktcap": 74.7372,
        "sector": "Industrials",
        "name": "3M"
      },
      {
        "stock": "MRK",
        "sentiment_score": 0.6205,
        "revenue": 11.01,
        "operatingIncome": 1.33,
        "netIncome": 0.906,
        "mktcap": 135.9347,
        "sector": "Healthcare",
        "name": "Merck"
      },
      {
        "stock": "MSFT",
        "sentiment_score": 0.6471,
        "revenue": 21.456,
        "operatingIncome": 7.771,
        "netIncome": 6.377,
        "mktcap": 238.8231,
        "sector": "Technology",
        "name": "Microsoft"
      },
      {
        "stock": "NKE",
        "sentiment_score": 0.7366,
        "revenue": 5.955,
        "operatingIncome": 0.694,
        "netIncome": 0.384,
        "mktcap": 43.671,
        "sector": "Consumer Discretionary",
        "name": "Nike"
      },
      {
        "stock": "PFE",
        "sentiment_score": 0.4806,
        "revenue": 12.973,
        "operatingIncome": 4.287,
        "netIncome": 14.095,
        "mktcap": 185.4346,
        "sector": "Healthcare",
        "name": "Pfizer"
      },
      {
        "stock": "PG",
        "sentiment_score": 0.787,
        "revenue": 22.175,
        "operatingIncome": 4.492,
        "netIncome": 4.057,
        "mktcap": 211.204,
        "sector": "Consumer Staples",
        "name": "Proctor and Gamble"
      },
      {
        "stock": "TRV",
        "sentiment_score": 0.5451,
        "revenue": 6.674,
        "operatingIncome": 1.263,
        "netIncome": 0.925,
        "mktcap": 29.8501,
        "sector": "Financials",
        "name": "Travelers"
      },
      {
        "stock": "UNH",
        "sentiment_score": 0.6571,
        "revenue": 30.408,
        "operatingIncome": 2.401,
        "netIncome": 1.436,
        "mktcap": 65.8729,
        "sector": "Healthcare",
        "name": "United Healthcare"
      },
      {
        "stock": "UTX",
        "sentiment_score": 0.5587,
        "revenue": 16.006,
        "operatingIncome": 2.507,
        "netIncome": 1.56,
        "mktcap": 85.2733,
        "sector": "Industrials",
        "name": "United Technologies"
      },
      {
        "stock": "V",
        "sentiment_score": 0.527,
        "revenue": 2.958,
        "operatingIncome": 1.86,
        "netIncome": 1.27,
        "mktcap": 117.8738,
        "sector": "Technology",
        "name": "Visa"
      },
      {
        "stock": "VZ",
        "sentiment_score": 0.6753,
        "revenue": 29.786,
        "operatingIncome": 6.555,
        "netIncome": 2.246,
        "mktcap": 144.0553,
        "sector": "Telecoms",
        "name": "Verizon"
      },
      {
        "stock": "WBA",
        "sentiment_score": 0.8278,
        "revenue": 18.647,
        "operatingIncome": 1.13,
        "netIncome": 0.756,
        "mktcap": 38.79,
        "sector": "Consumer Staples",
        "name": "Walgreen Boots"
      },
      {
        "stock": "WMT",
        "sentiment_score": 0.6348,
        "revenue": 114.282,
        "operatingIncome": 6.698,
        "netIncome": 4.016,
        "mktcap": 251.9172,
        "sector": "Consumer Staples",
        "name": "Walmart"
      },
      {
        "stock": "XOM",
        "sentiment_score": 0.5167,
        "revenue": 95.498,
        "operatingIncome": 9.237,
        "netIncome": 6.86,
        "mktcap": 397.7207,
        "sector": "Energy",
        "name": "ExxonMobil"
      }
    ]
  },
  {
    "quarter": "2013Q3",
    "data": [
      {
        "stock": "AAPL",
        "sentiment_score": 0.6829,
        "revenue": 35.323,
        "operatingIncome": 9.201,
        "netIncome": 6.9,
        "mktcap": 360.2245,
        "sector": "Technology",
        "name": "Apple"
      },
      {
        "stock": "AXP",
        "sentiment_score": 0.6484,
        "revenue": 8.785,
        "operatingIncome": 2.004,
        "netIncome": 1.366,
        "mktcap": 80.8819,
        "sector": "Financials",
        "name": "American Express"
      },
      {
        "stock": "BA",
        "sentiment_score": 0.7085,
        "revenue": 22.13,
        "operatingIncome": 1.803,
        "netIncome": 1.158,
        "mktcap": 88.3494,
        "sector": "Industrials",
        "name": "Boeing"
      },
      {
        "stock": "CAT",
        "sentiment_score": 0.3672,
        "revenue": 13.423,
        "operatingIncome": 1.401,
        "netIncome": 0.946,
        "mktcap": 53.0721,
        "sector": "Industrials",
        "name": "Caterpillar"
      },
      {
        "stock": "CSCO",
        "sentiment_score": 0.5873,
        "revenue": 12.216,
        "operatingIncome": 2.942,
        "netIncome": 2.478,
        "mktcap": 137.3979,
        "sector": "Technology",
        "name": "Cisco"
      },
      {
        "stock": "CVX",
        "sentiment_score": 0.3814,
        "revenue": 54.38,
        "operatingIncome": 6.935,
        "netIncome": 4.95,
        "mktcap": 233.6655,
        "sector": "Energy",
        "name": "Chevron"
      },
      {
        "stock": "DIS",
        "sentiment_score": 0.5338,
        "revenue": 11.578,
        "operatingIncome": 2.944,
        "netIncome": 1.847,
        "mktcap": 113.67,
        "sector": "Consumer Discretionary",
        "name": "Disney"
      },
      {
        "stock": "GE",
        "sentiment_score": 0.6535,
        "revenue": 35.298,
        "operatingIncome": 3.478,
        "netIncome": 3.191,
        "mktcap": 241.7039,
        "sector": "Industrials",
        "name": "General Electric"
      },
      {
        "stock": "GS",
        "sentiment_score": 0.2582,
        "revenue": 8.28,
        "operatingIncome": 2.167,
        "netIncome": 1.517,
        "mktcap": 69.8496,
        "sector": "Financials",
        "name": "Goldman Sachs"
      },
      {
        "stock": "HD",
        "sentiment_score": 0.6632,
        "revenue": 18.13,
        "operatingIncome": 1.733,
        "netIncome": 0.947,
        "mktcap": 99.8732,
        "sector": "Consumer Discretionary",
        "name": "Home Depot"
      },
      {
        "stock": "IBM",
        "sentiment_score": 0.6082,
        "revenue": 23.338,
        "operatingIncome": 4.813,
        "netIncome": 4.041,
        "mktcap": 201.0785,
        "sector": "Technology",
        "name": "IBM"
      },
      {
        "stock": "INTC",
        "sentiment_score": 0.464,
        "revenue": 13.483,
        "operatingIncome": 3.504,
        "netIncome": 2.95,
        "mktcap": 114.2795,
        "sector": "Technology",
        "name": "Intel"
      },
      {
        "stock": "JNJ",
        "sentiment_score": 0.6443,
        "revenue": 17.575,
        "operatingIncome": 4.697,
        "netIncome": 2.982,
        "mktcap": 244.6358,
        "sector": "Healthcare",
        "name": "Johnson and Johnson"
      },
      {
        "stock": "JPM",
        "sentiment_score": 0.2639,
        "revenue": 25.504,
        "operatingIncome": 0.034,
        "netIncome": -0.38,
        "mktcap": 194.3125,
        "sector": "Financials",
        "name": "JP Morgan"
      },
      {
        "stock": "KO",
        "sentiment_score": 0.6054,
        "revenue": 12.03,
        "operatingIncome": 2.472,
        "netIncome": 2.447,
        "mktcap": 169.5744,
        "sector": "Consumer Staples",
        "name": "Coca Cola"
      },
      {
        "stock": "MCD",
        "sentiment_score": 0.5708,
        "revenue": 7.3234,
        "operatingIncome": 2.4167,
        "netIncome": 1.5222,
        "mktcap": 95.7289,
        "sector": "Consumer Discretionary",
        "name": "McDonald's"
      },
      {
        "stock": "MMM",
        "sentiment_score": 0.6531,
        "revenue": 7.916,
        "operatingIncome": 1.739,
        "netIncome": 1.23,
        "mktcap": 80.3951,
        "sector": "Industrials",
        "name": "3M"
      },
      {
        "stock": "MRK",
        "sentiment_score": 0.5674,
        "revenue": 11.032,
        "operatingIncome": 1.595,
        "netIncome": 1.124,
        "mktcap": 139.3331,
        "sector": "Healthcare",
        "name": "Merck"
      },
      {
        "stock": "MSFT",
        "sentiment_score": 0.7179,
        "revenue": 20.489,
        "operatingIncome": 7.612,
        "netIncome": 6.055,
        "mktcap": 287.6908,
        "sector": "Technology",
        "name": "Microsoft"
      },
      {
        "stock": "NKE",
        "sentiment_score": 0.7964,
        "revenue": 6.187,
        "operatingIncome": 0.873,
        "netIncome": 0.866,
        "mktcap": 48.6872,
        "sector": "Consumer Discretionary",
        "name": "Nike"
      },
      {
        "stock": "PFE",
        "sentiment_score": 0.5849,
        "revenue": 12.643,
        "operatingIncome": 3.573,
        "netIncome": 2.59,
        "mktcap": 187.1733,
        "sector": "Healthcare",
        "name": "Pfizer"
      },
      {
        "stock": "PG",
        "sentiment_score": 0.7949,
        "revenue": 20.598,
        "operatingIncome": 3.405,
        "netIncome": 2.566,
        "mktcap": 211.1297,
        "sector": "Consumer Staples",
        "name": "Proctor and Gamble"
      },
      {
        "stock": "TRV",
        "sentiment_score": 0.3691,
        "revenue": 6.452,
        "operatingIncome": 1.268,
        "netIncome": 0.864,
        "mktcap": 30.8648,
        "sector": "Financials",
        "name": "Travelers"
      },
      {
        "stock": "UNH",
        "sentiment_score": 0.7469,
        "revenue": 30.624,
        "operatingIncome": 2.631,
        "netIncome": 1.57,
        "mktcap": 71.4668,
        "sector": "Healthcare",
        "name": "United Healthcare"
      },
      {
        "stock": "UTX",
        "sentiment_score": 0.3934,
        "revenue": 15.462,
        "operatingIncome": 2.366,
        "netIncome": 1.432,
        "mktcap": 98.9337,
        "sector": "Industrials",
        "name": "United Technologies"
      },
      {
        "stock": "V",
        "sentiment_score": 0.442,
        "revenue": 3.001,
        "operatingIncome": 1.828,
        "netIncome": 1.225,
        "mktcap": 121.9218,
        "sector": "Technology",
        "name": "Visa"
      },
      {
        "stock": "VZ",
        "sentiment_score": 0.6389,
        "revenue": 30.279,
        "operatingIncome": 7.128,
        "netIncome": 2.232,
        "mktcap": 133.5722,
        "sector": "Telecoms",
        "name": "Verizon"
      },
      {
        "stock": "WBA",
        "sentiment_score": 0.6682,
        "revenue": 18.313,
        "operatingIncome": 0.86,
        "netIncome": 0.624,
        "mktcap": 45.1334,
        "sector": "Consumer Staples",
        "name": "Walgreen Boots"
      },
      {
        "stock": "WMT",
        "sentiment_score": 0.6812,
        "revenue": 113.8,
        "operatingIncome": 6.093,
        "netIncome": 3.635,
        "mktcap": 231.8143,
        "sector": "Consumer Staples",
        "name": "Walmart"
      },
      {
        "stock": "XOM",
        "sentiment_score": 0.6322,
        "revenue": 100.508,
        "operatingIncome": 10.259,
        "netIncome": 7.87,
        "mktcap": 375.9088,
        "sector": "Energy",
        "name": "ExxonMobil"
      }
    ]
  },
  {
    "quarter": "2013Q4",
    "data": [
      {
        "stock": "AAPL",
        "sentiment_score": 0.7464,
        "revenue": 37.472,
        "operatingIncome": 10.03,
        "netIncome": 7.512,
        "mktcap": 434.0951,
        "sector": "Technology",
        "name": "Apple"
      },
      {
        "stock": "AXP",
        "sentiment_score": 0.5903,
        "revenue": 9.01,
        "operatingIncome": 1.98,
        "netIncome": 1.308,
        "mktcap": 96.5367,
        "sector": "Financials",
        "name": "American Express"
      },
      {
        "stock": "BA",
        "sentiment_score": 0.6691,
        "revenue": 23.785,
        "operatingIncome": 1.515,
        "netIncome": 1.233,
        "mktcap": 102.0097,
        "sector": "Industrials",
        "name": "Boeing"
      },
      {
        "stock": "CAT",
        "sentiment_score": 0.401,
        "revenue": 14.402,
        "operatingIncome": 1.452,
        "netIncome": 1.003,
        "mktcap": 57.9206,
        "sector": "Industrials",
        "name": "Caterpillar"
      },
      {
        "stock": "CSCO",
        "sentiment_score": 0.587,
        "revenue": 12.417,
        "operatingIncome": 2.814,
        "netIncome": 2.27,
        "mktcap": 120.1567,
        "sector": "Technology",
        "name": "Cisco"
      },
      {
        "stock": "CVX",
        "sentiment_score": 0.4522,
        "revenue": 51.822,
        "operatingIncome": 5.99,
        "netIncome": 4.93,
        "mktcap": 239.0282,
        "sector": "Energy",
        "name": "Chevron"
      },
      {
        "stock": "DIS",
        "sentiment_score": 0.6988,
        "revenue": 11.568,
        "operatingIncome": 2.089,
        "netIncome": 1.394,
        "mktcap": 117.342,
        "sector": "Consumer Discretionary",
        "name": "Disney"
      },
      {
        "stock": "GE",
        "sentiment_score": 0.4806,
        "revenue": 39.356,
        "operatingIncome": 3.828,
        "netIncome": 3.206,
        "mktcap": 282.0065,
        "sector": "Industrials",
        "name": "General Electric"
      },
      {
        "stock": "GS",
        "sentiment_score": 0.4096,
        "revenue": 10.372,
        "operatingIncome": 3.552,
        "netIncome": 2.332,
        "mktcap": 82.8513,
        "sector": "Financials",
        "name": "Goldman Sachs"
      },
      {
        "stock": "HD",
        "sentiment_score": 0.5876,
        "revenue": 18.246,
        "operatingIncome": 1.75,
        "netIncome": 1.021,
        "mktcap": 108.0556,
        "sector": "Consumer Discretionary",
        "name": "Home Depot"
      },
      {
        "stock": "IBM",
        "sentiment_score": 0.5301,
        "revenue": 27.385,
        "operatingIncome": 6.898,
        "netIncome": 6.185,
        "mktcap": 197.7721,
        "sector": "Technology",
        "name": "IBM"
      },
      {
        "stock": "INTC",
        "sentiment_score": 0.5588,
        "revenue": 13.834,
        "operatingIncome": 3.549,
        "netIncome": 2.625,
        "mktcap": 127.1552,
        "sector": "Technology",
        "name": "Intel"
      },
      {
        "stock": "JNJ",
        "sentiment_score": 0.6774,
        "revenue": 18.355,
        "operatingIncome": 3.734,
        "netIncome": 3.519,
        "mktcap": 260.485,
        "sector": "Healthcare",
        "name": "Johnson and Johnson"
      },
      {
        "stock": "JPM",
        "sentiment_score": 0.4725,
        "revenue": 25.511,
        "operatingIncome": 7.5,
        "netIncome": 5.278,
        "mktcap": 219.6572,
        "sector": "Financials",
        "name": "JP Morgan"
      },
      {
        "stock": "KO",
        "sentiment_score": 0.7148,
        "revenue": 11.04,
        "operatingIncome": 2.105,
        "netIncome": 1.71,
        "mktcap": 181.8466,
        "sector": "Consumer Staples",
        "name": "Coca Cola"
      },
      {
        "stock": "MCD",
        "sentiment_score": 0.6592,
        "revenue": 7.0932,
        "operatingIncome": 2.2004,
        "netIncome": 1.397,
        "mktcap": 96.0985,
        "sector": "Consumer Discretionary",
        "name": "McDonald's"
      },
      {
        "stock": "MMM",
        "sentiment_score": 0.5042,
        "revenue": 7.569,
        "operatingIncome": 1.579,
        "netIncome": 1.103,
        "mktcap": 93.0273,
        "sector": "Industrials",
        "name": "3M"
      },
      {
        "stock": "MRK",
        "sentiment_score": 0.5928,
        "revenue": 11.319,
        "operatingIncome": 1.329,
        "netIncome": 0.781,
        "mktcap": 146.5227,
        "sector": "Healthcare",
        "name": "Merck"
      },
      {
        "stock": "MSFT",
        "sentiment_score": 0.5179,
        "revenue": 19.896,
        "operatingIncome": 6.073,
        "netIncome": 4.965,
        "mktcap": 277.7549,
        "sector": "Technology",
        "name": "Microsoft"
      },
      {
        "stock": "NKE",
        "sentiment_score": 0.8423,
        "revenue": 6.697,
        "operatingIncome": 0.911,
        "netIncome": 0.662,
        "mktcap": 55.124,
        "sector": "Consumer Discretionary",
        "name": "Nike"
      },
      {
        "stock": "PFE",
        "sentiment_score": 0.4792,
        "revenue": 13.558,
        "operatingIncome": 3.043,
        "netIncome": 2.568,
        "mktcap": 196.0014,
        "sector": "Healthcare",
        "name": "Pfizer"
      },
      {
        "stock": "PG",
        "sentiment_score": 0.7153,
        "revenue": 20.655,
        "operatingIncome": 2.633,
        "netIncome": 1.875,
        "mktcap": 205.4711,
        "sector": "Consumer Staples",
        "name": "Proctor and Gamble"
      },
      {
        "stock": "TRV",
        "sentiment_score": 0.4006,
        "revenue": 6.737,
        "operatingIncome": 1.463,
        "netIncome": 0.988,
        "mktcap": 32.0059,
        "sector": "Financials",
        "name": "Travelers"
      },
      {
        "stock": "UNH",
        "sentiment_score": 0.6329,
        "revenue": 31.117,
        "operatingIncome": 2.452,
        "netIncome": 1.427,
        "mktcap": 74.3964,
        "sector": "Healthcare",
        "name": "United Healthcare"
      },
      {
        "stock": "UTX",
        "sentiment_score": 0.4952,
        "revenue": 16.759,
        "operatingIncome": 2.33,
        "netIncome": 1.463,
        "mktcap": 104.3189,
        "sector": "Industrials",
        "name": "United Technologies"
      },
      {
        "stock": "V",
        "sentiment_score": 0.4286,
        "revenue": 2.973,
        "operatingIncome": 1.751,
        "netIncome": 1.192,
        "mktcap": 141.1791,
        "sector": "Technology",
        "name": "Visa"
      },
      {
        "stock": "VZ",
        "sentiment_score": 0.6578,
        "revenue": 31.065,
        "operatingIncome": 12.063,
        "netIncome": 5.067,
        "mktcap": 140.6387,
        "sector": "Telecoms",
        "name": "Verizon"
      },
      {
        "stock": "WBA",
        "sentiment_score": 0.692,
        "revenue": 17.941,
        "operatingIncome": 0.905,
        "netIncome": 0.657,
        "mktcap": 45.5028,
        "sector": "Consumer Staples",
        "name": "Walgreen Boots"
      },
      {
        "stock": "WMT",
        "sentiment_score": 0.8241,
        "revenue": 127.776,
        "operatingIncome": 8.58,
        "netIncome": 5.606,
        "mktcap": 255.4656,
        "sector": "Consumer Staples",
        "name": "Walmart"
      },
      {
        "stock": "XOM",
        "sentiment_score": 0.626,
        "revenue": 98.355,
        "operatingIncome": 9.722,
        "netIncome": 8.35,
        "mktcap": 438.702,
        "sector": "Energy",
        "name": "ExxonMobil"
      }
    ]
  },
  {
    "quarter": "2014Q1",
    "data": [
      {
        "stock": "AAPL",
        "sentiment_score": 0.7808,
        "revenue": 57.594,
        "operatingIncome": 17.463,
        "netIncome": 13.072,
        "mktcap": 499.8506,
        "sector": "Technology",
        "name": "Apple"
      },
      {
        "stock": "AXP",
        "sentiment_score": 0.4862,
        "revenue": 8.612,
        "operatingIncome": 2.208,
        "netIncome": 1.432,
        "mktcap": 95.3418,
        "sector": "Financials",
        "name": "American Express"
      },
      {
        "stock": "BA",
        "sentiment_score": 0.7137,
        "revenue": 20.465,
        "operatingIncome": 1.542,
        "netIncome": 0.965,
        "mktcap": 91.7019,
        "sector": "Industrials",
        "name": "Boeing"
      },
      {
        "stock": "CAT",
        "sentiment_score": 0.4176,
        "revenue": 13.241,
        "operatingIncome": 1.398,
        "netIncome": 0.922,
        "mktcap": 62.0301,
        "sector": "Industrials",
        "name": "Caterpillar"
      },
      {
        "stock": "CSCO",
        "sentiment_score": 0.4189,
        "revenue": 12.085,
        "operatingIncome": 2.455,
        "netIncome": 1.996,
        "mktcap": 115.2402,
        "sector": "Technology",
        "name": "Cisco"
      },
      {
        "stock": "CVX",
        "sentiment_score": 0.4681,
        "revenue": 49.032,
        "operatingIncome": 5.641,
        "netIncome": 4.512,
        "mktcap": 227.5465,
        "sector": "Energy",
        "name": "Chevron"
      },
      {
        "stock": "DIS",
        "sentiment_score": 0.7629,
        "revenue": 12.309,
        "operatingIncome": 2.652,
        "netIncome": 1.84,
        "mktcap": 126.395,
        "sector": "Consumer Discretionary",
        "name": "Disney"
      },
      {
        "stock": "GE",
        "sentiment_score": 0.5822,
        "revenue": 33.352,
        "operatingIncome": 3.377,
        "netIncome": 2.999,
        "mktcap": 259.6188,
        "sector": "Industrials",
        "name": "General Electric"
      },
      {
        "stock": "GS",
        "sentiment_score": 0.4061,
        "revenue": 10.885,
        "operatingIncome": 3.021,
        "netIncome": 2.033,
        "mktcap": 73.4101,
        "sector": "Financials",
        "name": "Goldman Sachs"
      },
      {
        "stock": "HD",
        "sentiment_score": 0.5176,
        "revenue": 19.124,
        "operatingIncome": 2.094,
        "netIncome": 1.226,
        "mktcap": 115.13,
        "sector": "Consumer Discretionary",
        "name": "Home Depot"
      },
      {
        "stock": "IBM",
        "sentiment_score": 0.4485,
        "revenue": 22.236,
        "operatingIncome": 2.954,
        "netIncome": 2.384,
        "mktcap": 194.8352,
        "sector": "Technology",
        "name": "IBM"
      },
      {
        "stock": "INTC",
        "sentiment_score": 0.6301,
        "revenue": 12.764,
        "operatingIncome": 2.51,
        "netIncome": 1.93,
        "mktcap": 127.3826,
        "sector": "Technology",
        "name": "Intel"
      },
      {
        "stock": "JNJ",
        "sentiment_score": 0.444,
        "revenue": 18.115,
        "operatingIncome": 5.628,
        "netIncome": 4.727,
        "mktcap": 275.5253,
        "sector": "Healthcare",
        "name": "Johnson and Johnson"
      },
      {
        "stock": "JPM",
        "sentiment_score": 0.433,
        "revenue": 25.341,
        "operatingIncome": 7.729,
        "netIncome": 5.269,
        "mktcap": 229.7699,
        "sector": "Financials",
        "name": "JP Morgan"
      },
      {
        "stock": "KO",
        "sentiment_score": 0.8024,
        "revenue": 10.576,
        "operatingIncome": 2.376,
        "netIncome": 1.619,
        "mktcap": 171.0684,
        "sector": "Consumer Staples",
        "name": "Coca Cola"
      },
      {
        "stock": "MCD",
        "sentiment_score": 0.6891,
        "revenue": 6.7003,
        "operatingIncome": 1.936,
        "netIncome": 1.2048,
        "mktcap": 96.8929,
        "sector": "Consumer Discretionary",
        "name": "McDonald's"
      },
      {
        "stock": "MMM",
        "sentiment_score": 0.6133,
        "revenue": 7.831,
        "operatingIncome": 1.716,
        "netIncome": 1.207,
        "mktcap": 88.7594,
        "sector": "Industrials",
        "name": "3M"
      },
      {
        "stock": "MRK",
        "sentiment_score": 0.6355,
        "revenue": 10.264,
        "operatingIncome": 1.928,
        "netIncome": 1.705,
        "mktcap": 166.3099,
        "sector": "Healthcare",
        "name": "Merck"
      },
      {
        "stock": "MSFT",
        "sentiment_score": 0.6915,
        "revenue": 18.529,
        "operatingIncome": 6.334,
        "netIncome": 5.244,
        "mktcap": 310.503,
        "sector": "Technology",
        "name": "Microsoft"
      },
      {
        "stock": "NKE",
        "sentiment_score": 0.7867,
        "revenue": 6.971,
        "operatingIncome": 1.074,
        "netIncome": 0.779,
        "mktcap": 55.847,
        "sector": "Consumer Discretionary",
        "name": "Nike"
      },
      {
        "stock": "PFE",
        "sentiment_score": 0.5636,
        "revenue": 11.353,
        "operatingIncome": 3.47,
        "netIncome": 2.329,
        "mktcap": 203.3535,
        "sector": "Healthcare",
        "name": "Pfizer"
      },
      {
        "stock": "PG",
        "sentiment_score": 0.675,
        "revenue": 20.83,
        "operatingIncome": 4.12,
        "netIncome": 3.027,
        "mktcap": 220.7357,
        "sector": "Consumer Staples",
        "name": "Proctor and Gamble"
      },
      {
        "stock": "TRV",
        "sentiment_score": 0.5182,
        "revenue": 6.708,
        "operatingIncome": 1.562,
        "netIncome": 1.052,
        "mktcap": 29.5723,
        "sector": "Financials",
        "name": "Travelers"
      },
      {
        "stock": "UNH",
        "sentiment_score": 0.6257,
        "revenue": 31.708,
        "operatingIncome": 2.054,
        "netIncome": 1.099,
        "mktcap": 80.6782,
        "sector": "Healthcare",
        "name": "United Healthcare"
      },
      {
        "stock": "UTX",
        "sentiment_score": 0.5027,
        "revenue": 14.745,
        "operatingIncome": 2.098,
        "netIncome": 1.213,
        "mktcap": 107.1109,
        "sector": "Industrials",
        "name": "United Technologies"
      },
      {
        "stock": "V",
        "sentiment_score": 0.3605,
        "revenue": 3.155,
        "operatingIncome": 2.077,
        "netIncome": 1.407,
        "mktcap": 135.7759,
        "sector": "Technology",
        "name": "Visa"
      },
      {
        "stock": "VZ",
        "sentiment_score": 0.6203,
        "revenue": 30.818,
        "operatingIncome": 7.16,
        "netIncome": 3.947,
        "mktcap": 196.9945,
        "sector": "Telecoms",
        "name": "Verizon"
      },
      {
        "stock": "WBA",
        "sentiment_score": 0.7004,
        "revenue": 18.329,
        "operatingIncome": 0.773,
        "netIncome": 0.695,
        "mktcap": 56.2501,
        "sector": "Consumer Staples",
        "name": "Walgreen Boots"
      },
      {
        "stock": "WMT",
        "sentiment_score": 0.6839,
        "revenue": 114.07,
        "operatingIncome": 6.438,
        "netIncome": 3.784,
        "mktcap": 254.552,
        "sector": "Consumer Staples",
        "name": "Walmart"
      },
      {
        "stock": "XOM",
        "sentiment_score": 0.6631,
        "revenue": 93.896,
        "operatingIncome": 10.28,
        "netIncome": 9.1,
        "mktcap": 419.4379,
        "sector": "Energy",
        "name": "ExxonMobil"
      }
    ]
  },
  {
    "quarter": "2014Q2",
    "data": [
      {
        "stock": "AAPL",
        "sentiment_score": 0.7357,
        "revenue": 45.646,
        "operatingIncome": 13.593,
        "netIncome": 10.223,
        "mktcap": 462.6364,
        "sector": "Technology",
        "name": "Apple"
      },
      {
        "stock": "AXP",
        "sentiment_score": 0.5401,
        "revenue": 9.074,
        "operatingIncome": 2.312,
        "netIncome": 1.529,
        "mktcap": 99.234,
        "sector": "Financials",
        "name": "American Express"
      },
      {
        "stock": "BA",
        "sentiment_score": 0.6106,
        "revenue": 22.045,
        "operatingIncome": 1.787,
        "netIncome": 1.653,
        "mktcap": 91.7782,
        "sector": "Industrials",
        "name": "Boeing"
      },
      {
        "stock": "CAT",
        "sentiment_score": 0.4762,
        "revenue": 14.15,
        "operatingIncome": 1.475,
        "netIncome": 0.999,
        "mktcap": 68.2281,
        "sector": "Industrials",
        "name": "Caterpillar"
      },
      {
        "stock": "CSCO",
        "sentiment_score": 0.4698,
        "revenue": 11.155,
        "operatingIncome": 1.667,
        "netIncome": 1.429,
        "mktcap": 117.668,
        "sector": "Technology",
        "name": "Cisco"
      },
      {
        "stock": "CVX",
        "sentiment_score": 0.4279,
        "revenue": 53.463,
        "operatingIncome": 6.672,
        "netIncome": 5.665,
        "mktcap": 247.9055,
        "sector": "Energy",
        "name": "Chevron"
      },
      {
        "stock": "DIS",
        "sentiment_score": 0.6351,
        "revenue": 11.649,
        "operatingIncome": 2.896,
        "netIncome": 1.917,
        "mktcap": 134.283,
        "sector": "Consumer Discretionary",
        "name": "Disney"
      },
      {
        "stock": "GE",
        "sentiment_score": 0.555,
        "revenue": 31.922,
        "operatingIncome": 3.013,
        "netIncome": 3.545,
        "mktcap": 263.691,
        "sector": "Industrials",
        "name": "General Electric"
      },
      {
        "stock": "GS",
        "sentiment_score": 0.4065,
        "revenue": 10.704,
        "operatingIncome": 2.821,
        "netIncome": 2.037,
        "mktcap": 73.7966,
        "sector": "Financials",
        "name": "Goldman Sachs"
      },
      {
        "stock": "HD",
        "sentiment_score": 0.5847,
        "revenue": 22.522,
        "operatingIncome": 3.018,
        "netIncome": 1.795,
        "mktcap": 108.4019,
        "sector": "Consumer Discretionary",
        "name": "Home Depot"
      },
      {
        "stock": "IBM",
        "sentiment_score": 0.6022,
        "revenue": 24.047,
        "operatingIncome": 5.09,
        "netIncome": 4.137,
        "mktcap": 180.8335,
        "sector": "Technology",
        "name": "IBM"
      },
      {
        "stock": "INTC",
        "sentiment_score": 0.4809,
        "revenue": 13.831,
        "operatingIncome": 3.844,
        "netIncome": 2.796,
        "mktcap": 153.0416,
        "sector": "Technology",
        "name": "Intel"
      },
      {
        "stock": "JNJ",
        "sentiment_score": 0.6811,
        "revenue": 19.495,
        "operatingIncome": 5.966,
        "netIncome": 4.326,
        "mktcap": 296.3426,
        "sector": "Healthcare",
        "name": "Johnson and Johnson"
      },
      {
        "stock": "JPM",
        "sentiment_score": 0.4067,
        "revenue": 26.741,
        "operatingIncome": 8.555,
        "netIncome": 5.98,
        "mktcap": 216.725,
        "sector": "Financials",
        "name": "JP Morgan"
      },
      {
        "stock": "KO",
        "sentiment_score": 0.7562,
        "revenue": 12.574,
        "operatingIncome": 3.17,
        "netIncome": 2.595,
        "mktcap": 185.0032,
        "sector": "Consumer Staples",
        "name": "Coca Cola"
      },
      {
        "stock": "MCD",
        "sentiment_score": 0.6415,
        "revenue": 7.1817,
        "operatingIncome": 2.189,
        "netIncome": 1.3871,
        "mktcap": 98.9166,
        "sector": "Consumer Discretionary",
        "name": "McDonald's"
      },
      {
        "stock": "MMM",
        "sentiment_score": 0.6223,
        "revenue": 8.134,
        "operatingIncome": 1.856,
        "netIncome": 1.267,
        "mktcap": 92.8151,
        "sector": "Industrials",
        "name": "3M"
      },
      {
        "stock": "MRK",
        "sentiment_score": 0.5688,
        "revenue": 10.934,
        "operatingIncome": 1.241,
        "netIncome": 2.004,
        "mktcap": 167.7482,
        "sector": "Healthcare",
        "name": "Merck"
      },
      {
        "stock": "MSFT",
        "sentiment_score": 0.6644,
        "revenue": 24.519,
        "operatingIncome": 7.969,
        "netIncome": 6.558,
        "mktcap": 338.5774,
        "sector": "Technology",
        "name": "Microsoft"
      },
      {
        "stock": "NKE",
        "sentiment_score": 0.8372,
        "revenue": 6.431,
        "operatingIncome": 0.735,
        "netIncome": 0.534,
        "mktcap": 70.2763,
        "sector": "Consumer Discretionary",
        "name": "Nike"
      },
      {
        "stock": "PFE",
        "sentiment_score": 0.5613,
        "revenue": 12.773,
        "operatingIncome": 3.95,
        "netIncome": 2.912,
        "mktcap": 188.1334,
        "sector": "Healthcare",
        "name": "Pfizer"
      },
      {
        "stock": "PG",
        "sentiment_score": 0.7698,
        "revenue": 21.099,
        "operatingIncome": 4.302,
        "netIncome": 3.428,
        "mktcap": 218.1004,
        "sector": "Consumer Staples",
        "name": "Proctor and Gamble"
      },
      {
        "stock": "TRV",
        "sentiment_score": 0.386,
        "revenue": 6.785,
        "operatingIncome": 0.993,
        "netIncome": 0.683,
        "mktcap": 31.8897,
        "sector": "Financials",
        "name": "Travelers"
      },
      {
        "stock": "UNH",
        "sentiment_score": 0.7238,
        "revenue": 32.574,
        "operatingIncome": 2.552,
        "netIncome": 1.408,
        "mktcap": 79.5427,
        "sector": "Healthcare",
        "name": "United Healthcare"
      },
      {
        "stock": "UTX",
        "sentiment_score": 0.5355,
        "revenue": 17.191,
        "operatingIncome": 2.355,
        "netIncome": 1.68,
        "mktcap": 105.6148,
        "sector": "Industrials",
        "name": "United Technologies"
      },
      {
        "stock": "V",
        "sentiment_score": 0.5887,
        "revenue": 3.163,
        "operatingIncome": 2.048,
        "netIncome": 1.598,
        "mktcap": 131.483,
        "sector": "Technology",
        "name": "Visa"
      },
      {
        "stock": "VZ",
        "sentiment_score": 0.7706,
        "revenue": 31.483,
        "operatingIncome": 7.685,
        "netIncome": 4.214,
        "mktcap": 202.8262,
        "sector": "Telecoms",
        "name": "Verizon"
      },
      {
        "stock": "WBA",
        "sentiment_score": 0.5737,
        "revenue": 19.605,
        "operatingIncome": 1.081,
        "netIncome": 0.716,
        "mktcap": 64.8468,
        "sector": "Consumer Staples",
        "name": "Walgreen Boots"
      },
      {
        "stock": "WMT",
        "sentiment_score": 0.7273,
        "revenue": 116.83,
        "operatingIncome": 6.777,
        "netIncome": 4.069,
        "mktcap": 248.8235,
        "sector": "Consumer Staples",
        "name": "Walmart"
      },
      {
        "stock": "XOM",
        "sentiment_score": 0.7363,
        "revenue": 97.848,
        "operatingIncome": 8.726,
        "netIncome": 8.78,
        "mktcap": 429.4002,
        "sector": "Energy",
        "name": "ExxonMobil"
      }
    ]
  },
  {
    "quarter": "2014Q3",
    "data": [
      {
        "stock": "AAPL",
        "sentiment_score": 0.7482,
        "revenue": 37.432,
        "operatingIncome": 10.282,
        "netIncome": 7.748,
        "mktcap": 550.8839,
        "sector": "Technology",
        "name": "Apple"
      },
      {
        "stock": "AXP",
        "sentiment_score": 0.5474,
        "revenue": 8.723,
        "operatingIncome": 2.246,
        "netIncome": 1.477,
        "mktcap": 90.6039,
        "sector": "Financials",
        "name": "American Express"
      },
      {
        "stock": "BA",
        "sentiment_score": 0.7677,
        "revenue": 23.784,
        "operatingIncome": 2.119,
        "netIncome": 1.362,
        "mktcap": 90.9291,
        "sector": "Industrials",
        "name": "Boeing"
      },
      {
        "stock": "CAT",
        "sentiment_score": 0.4343,
        "revenue": 13.549,
        "operatingIncome": 1.392,
        "netIncome": 1.017,
        "mktcap": 59.9527,
        "sector": "Industrials",
        "name": "Caterpillar"
      },
      {
        "stock": "CSCO",
        "sentiment_score": 0.5312,
        "revenue": 11.545,
        "operatingIncome": 2.542,
        "netIncome": 2.181,
        "mktcap": 132.6288,
        "sector": "Technology",
        "name": "Cisco"
      },
      {
        "stock": "CVX",
        "sentiment_score": 0.5687,
        "revenue": 49.706,
        "operatingIncome": 6.006,
        "netIncome": 5.593,
        "mktcap": 225.5654,
        "sector": "Energy",
        "name": "Chevron"
      },
      {
        "stock": "DIS",
        "sentiment_score": 0.6901,
        "revenue": 12.466,
        "operatingIncome": 3.498,
        "netIncome": 2.245,
        "mktcap": 145.01,
        "sector": "Consumer Discretionary",
        "name": "Disney"
      },
      {
        "stock": "GE",
        "sentiment_score": 0.5959,
        "revenue": 31.849,
        "operatingIncome": 3.21,
        "netIncome": 3.537,
        "mktcap": 257.281,
        "sector": "Industrials",
        "name": "General Electric"
      },
      {
        "stock": "GS",
        "sentiment_score": 0.4128,
        "revenue": 9.635,
        "operatingIncome": 3.305,
        "netIncome": 2.241,
        "mktcap": 79.9877,
        "sector": "Financials",
        "name": "Goldman Sachs"
      },
      {
        "stock": "HD",
        "sentiment_score": 0.5899,
        "revenue": 19.47,
        "operatingIncome": 2.293,
        "netIncome": 1.351,
        "mktcap": 106.053,
        "sector": "Consumer Discretionary",
        "name": "Home Depot"
      },
      {
        "stock": "IBM",
        "sentiment_score": 0.3624,
        "revenue": 22.397,
        "operatingIncome": 4.239,
        "netIncome": 0.018,
        "mktcap": 187.8672,
        "sector": "Technology",
        "name": "IBM"
      },
      {
        "stock": "INTC",
        "sentiment_score": 0.6694,
        "revenue": 14.554,
        "operatingIncome": 4.54,
        "netIncome": 3.317,
        "mktcap": 166.4008,
        "sector": "Technology",
        "name": "Intel"
      },
      {
        "stock": "JNJ",
        "sentiment_score": 0.4595,
        "revenue": 18.467,
        "operatingIncome": 5.577,
        "netIncome": 4.749,
        "mktcap": 300.3144,
        "sector": "Healthcare",
        "name": "Johnson and Johnson"
      },
      {
        "stock": "JPM",
        "sentiment_score": 0.5122,
        "revenue": 26.288,
        "operatingIncome": 7.914,
        "netIncome": 5.565,
        "mktcap": 225.1885,
        "sector": "Financials",
        "name": "JP Morgan"
      },
      {
        "stock": "KO",
        "sentiment_score": 0.5942,
        "revenue": 11.976,
        "operatingIncome": 2.711,
        "netIncome": 2.114,
        "mktcap": 184.625,
        "sector": "Consumer Staples",
        "name": "Coca Cola"
      },
      {
        "stock": "MCD",
        "sentiment_score": 0.5471,
        "revenue": 6.9871,
        "operatingIncome": 2.0725,
        "netIncome": 1.0684,
        "mktcap": 92.2691,
        "sector": "Consumer Discretionary",
        "name": "McDonald's"
      },
      {
        "stock": "MMM",
        "sentiment_score": 0.634,
        "revenue": 8.137,
        "operatingIncome": 1.901,
        "netIncome": 1.303,
        "mktcap": 90.7912,
        "sector": "Industrials",
        "name": "3M"
      },
      {
        "stock": "MRK",
        "sentiment_score": 0.5119,
        "revenue": 10.557,
        "operatingIncome": 1.324,
        "netIncome": 0.895,
        "mktcap": 169.5908,
        "sector": "Healthcare",
        "name": "Merck"
      },
      {
        "stock": "MSFT",
        "sentiment_score": 0.7852,
        "revenue": 20.403,
        "operatingIncome": 6.974,
        "netIncome": 5.66,
        "mktcap": 343.5663,
        "sector": "Technology",
        "name": "Microsoft"
      },
      {
        "stock": "NKE",
        "sentiment_score": 0.8106,
        "revenue": 6.972,
        "operatingIncome": 0.934,
        "netIncome": 0.682,
        "mktcap": 68.9823,
        "sector": "Consumer Discretionary",
        "name": "Nike"
      },
      {
        "stock": "PFE",
        "sentiment_score": 0.5477,
        "revenue": 12.361,
        "operatingIncome": 3.682,
        "netIncome": 2.666,
        "mktcap": 187.2555,
        "sector": "Healthcare",
        "name": "Pfizer"
      },
      {
        "stock": "PG",
        "sentiment_score": 0.6569,
        "revenue": 19.641,
        "operatingIncome": 3.306,
        "netIncome": 2.609,
        "mktcap": 213.0418,
        "sector": "Consumer Staples",
        "name": "Proctor and Gamble"
      },
      {
        "stock": "TRV",
        "sentiment_score": 0.5053,
        "revenue": 6.886,
        "operatingIncome": 1.351,
        "netIncome": 0.919,
        "mktcap": 31.1317,
        "sector": "Financials",
        "name": "Travelers"
      },
      {
        "stock": "UNH",
        "sentiment_score": 0.716,
        "revenue": 32.759,
        "operatingIncome": 2.903,
        "netIncome": 1.602,
        "mktcap": 82.9725,
        "sector": "Healthcare",
        "name": "United Healthcare"
      },
      {
        "stock": "UTX",
        "sentiment_score": 0.5027,
        "revenue": 14.613,
        "operatingIncome": 2.612,
        "netIncome": 1.854,
        "mktcap": 96.2711,
        "sector": "Industrials",
        "name": "United Technologies"
      },
      {
        "stock": "V",
        "sentiment_score": 0.4118,
        "revenue": 3.155,
        "operatingIncome": 2.02,
        "netIncome": 1.36,
        "mktcap": 131.8627,
        "sector": "Technology",
        "name": "Visa"
      },
      {
        "stock": "VZ",
        "sentiment_score": 0.7035,
        "revenue": 31.586,
        "operatingIncome": 6.89,
        "netIncome": 3.695,
        "mktcap": 207.4447,
        "sector": "Telecoms",
        "name": "Verizon"
      },
      {
        "stock": "WBA",
        "sentiment_score": 0.6578,
        "revenue": 19.401,
        "operatingIncome": 0.889,
        "netIncome": 0.714,
        "mktcap": 68.7863,
        "sector": "Consumer Staples",
        "name": "Walgreen Boots"
      },
      {
        "stock": "WMT",
        "sentiment_score": 0.6487,
        "revenue": 115.688,
        "operatingIncome": 6.31,
        "netIncome": 3.738,
        "mktcap": 241.4404,
        "sector": "Consumer Staples",
        "name": "Walmart"
      },
      {
        "stock": "XOM",
        "sentiment_score": 0.6786,
        "revenue": 95.687,
        "operatingIncome": 9.574,
        "netIncome": 8.07,
        "mktcap": 398.3018,
        "sector": "Energy",
        "name": "ExxonMobil"
      }
    ]
  },
  {
    "quarter": "2014Q4",
    "data": [
      {
        "stock": "AAPL",
        "sentiment_score": 0.7133,
        "revenue": 42.123,
        "operatingIncome": 11.165,
        "netIncome": 8.467,
        "mktcap": 591.0157,
        "sector": "Technology",
        "name": "Apple"
      },
      {
        "stock": "AXP",
        "sentiment_score": 0.5976,
        "revenue": 9.486,
        "operatingIncome": 2.225,
        "netIncome": 1.447,
        "mktcap": 95.1799,
        "sector": "Financials",
        "name": "American Express"
      },
      {
        "stock": "BA",
        "sentiment_score": 0.6694,
        "revenue": 24.468,
        "operatingIncome": 2.025,
        "netIncome": 1.466,
        "mktcap": 91.8604,
        "sector": "Industrials",
        "name": "Boeing"
      },
      {
        "stock": "CAT",
        "sentiment_score": 0.406,
        "revenue": 14.244,
        "operatingIncome": 1.063,
        "netIncome": 0.757,
        "mktcap": 55.4824,
        "sector": "Industrials",
        "name": "Caterpillar"
      },
      {
        "stock": "CSCO",
        "sentiment_score": 0.5114,
        "revenue": 12.357,
        "operatingIncome": 2.681,
        "netIncome": 2.247,
        "mktcap": 121.492,
        "sector": "Technology",
        "name": "Cisco"
      },
      {
        "stock": "CVX",
        "sentiment_score": 0.3957,
        "revenue": 40.107,
        "operatingIncome": 1.407,
        "netIncome": 3.471,
        "mktcap": 210.859,
        "sector": "Energy",
        "name": "Chevron"
      },
      {
        "stock": "DIS",
        "sentiment_score": 0.6685,
        "revenue": 12.389,
        "operatingIncome": 2.323,
        "netIncome": 1.499,
        "mktcap": 150.858,
        "sector": "Consumer Discretionary",
        "name": "Disney"
      },
      {
        "stock": "GE",
        "sentiment_score": 0.5618,
        "revenue": 33.427,
        "operatingIncome": 4.173,
        "netIncome": 5.152,
        "mktcap": 254.15,
        "sector": "Industrials",
        "name": "General Electric"
      },
      {
        "stock": "GS",
        "sentiment_score": 0.3874,
        "revenue": 8.861,
        "operatingIncome": 3.21,
        "netIncome": 2.166,
        "mktcap": 83.3971,
        "sector": "Financials",
        "name": "Goldman Sachs"
      },
      {
        "stock": "HD",
        "sentiment_score": 0.5397,
        "revenue": 17.696,
        "operatingIncome": 1.761,
        "netIncome": 1.013,
        "mktcap": 107.6479,
        "sector": "Consumer Discretionary",
        "name": "Home Depot"
      },
      {
        "stock": "IBM",
        "sentiment_score": 0.5224,
        "revenue": 24.113,
        "operatingIncome": 5.508,
        "netIncome": 5.484,
        "mktcap": 158.9196,
        "sector": "Technology",
        "name": "IBM"
      },
      {
        "stock": "INTC",
        "sentiment_score": 0.5839,
        "revenue": 14.721,
        "operatingIncome": 4.453,
        "netIncome": 3.661,
        "mktcap": 178.2874,
        "sector": "Technology",
        "name": "Intel"
      },
      {
        "stock": "JNJ",
        "sentiment_score": 0.6286,
        "revenue": 18.254,
        "operatingIncome": 3.788,
        "netIncome": 2.521,
        "mktcap": 292.4054,
        "sector": "Healthcare",
        "name": "Johnson and Johnson"
      },
      {
        "stock": "JPM",
        "sentiment_score": 0.3595,
        "revenue": 24.639,
        "operatingIncome": 6.501,
        "netIncome": 4.931,
        "mktcap": 232.4715,
        "sector": "Financials",
        "name": "JP Morgan"
      },
      {
        "stock": "KO",
        "sentiment_score": 0.4122,
        "revenue": 10.872,
        "operatingIncome": 1.451,
        "netIncome": 0.77,
        "mktcap": 184.3325,
        "sector": "Consumer Staples",
        "name": "Coca Cola"
      },
      {
        "stock": "MCD",
        "sentiment_score": 0.5612,
        "revenue": 6.5722,
        "operatingIncome": 1.7517,
        "netIncome": 1.0975,
        "mktcap": 90.2237,
        "sector": "Consumer Discretionary",
        "name": "McDonald's"
      },
      {
        "stock": "MMM",
        "sentiment_score": 0.6374,
        "revenue": 7.719,
        "operatingIncome": 1.662,
        "netIncome": 1.179,
        "mktcap": 104.3653,
        "sector": "Industrials",
        "name": "3M"
      },
      {
        "stock": "MRK",
        "sentiment_score": 0.5704,
        "revenue": 10.482,
        "operatingIncome": 1.177,
        "netIncome": 7.316,
        "mktcap": 161.178,
        "sector": "Healthcare",
        "name": "Merck"
      },
      {
        "stock": "MSFT",
        "sentiment_score": 0.7226,
        "revenue": 23.382,
        "operatingIncome": 6.482,
        "netIncome": 4.612,
        "mktcap": 382.7018,
        "sector": "Technology",
        "name": "Microsoft"
      },
      {
        "stock": "NKE",
        "sentiment_score": 0.7902,
        "revenue": 7.425,
        "operatingIncome": 0.937,
        "netIncome": 0.698,
        "mktcap": 66.9117,
        "sector": "Consumer Discretionary",
        "name": "Nike"
      },
      {
        "stock": "PFE",
        "sentiment_score": 0.5208,
        "revenue": 13.118,
        "operatingIncome": 2.148,
        "netIncome": 1.228,
        "mktcap": 195.9647,
        "sector": "Healthcare",
        "name": "Pfizer"
      },
      {
        "stock": "PG",
        "sentiment_score": 0.644,
        "revenue": 19.596,
        "operatingIncome": 3.162,
        "netIncome": 2.579,
        "mktcap": 226.2754,
        "sector": "Consumer Staples",
        "name": "Proctor and Gamble"
      },
      {
        "stock": "TRV",
        "sentiment_score": 0.4749,
        "revenue": 6.783,
        "operatingIncome": 1.552,
        "netIncome": 1.038,
        "mktcap": 34.1049,
        "sector": "Financials",
        "name": "Travelers"
      },
      {
        "stock": "UNH",
        "sentiment_score": 0.7604,
        "revenue": 33.433,
        "operatingIncome": 2.765,
        "netIncome": 1.51,
        "mktcap": 96.4399,
        "sector": "Healthcare",
        "name": "United Healthcare"
      },
      {
        "stock": "UTX",
        "sentiment_score": 0.5514,
        "revenue": 14.98,
        "operatingIncome": 2.28,
        "netIncome": 1.473,
        "mktcap": 104.5781,
        "sector": "Industrials",
        "name": "United Technologies"
      },
      {
        "stock": "V",
        "sentiment_score": 0.457,
        "revenue": 3.229,
        "operatingIncome": 1.552,
        "netIncome": 1.073,
        "mktcap": 161.5152,
        "sector": "Technology",
        "name": "Visa"
      },
      {
        "stock": "VZ",
        "sentiment_score": 0.6989,
        "revenue": 33.192,
        "operatingIncome": -2.136,
        "netIncome": -2.231,
        "mktcap": 194.3692,
        "sector": "Telecoms",
        "name": "Verizon"
      },
      {
        "stock": "WBA",
        "sentiment_score": 0.5922,
        "revenue": 19.057,
        "operatingIncome": 0.834,
        "netIncome": -0.221,
        "mktcap": 57.5174,
        "sector": "Consumer Staples",
        "name": "Walgreen Boots"
      },
      {
        "stock": "WMT",
        "sentiment_score": 0.6362,
        "revenue": 129.706,
        "operatingIncome": 7.347,
        "netIncome": 4.431,
        "mktcap": 257.4633,
        "sector": "Consumer Staples",
        "name": "Walmart"
      },
      {
        "stock": "XOM",
        "sentiment_score": 0.5204,
        "revenue": 76.085,
        "operatingIncome": 5.502,
        "netIncome": 6.57,
        "mktcap": 388.3825,
        "sector": "Energy",
        "name": "ExxonMobil"
      }
    ]
  },
  {
    "quarter": "2015Q1",
    "data": [
      {
        "stock": "AAPL",
        "sentiment_score": 0.7171,
        "revenue": 74.599,
        "operatingIncome": 24.246,
        "netIncome": 18.024,
        "mktcap": 664.1535,
        "sector": "Technology",
        "name": "Apple"
      },
      {
        "stock": "AXP",
        "sentiment_score": 0.4703,
        "revenue": 8.36,
        "operatingIncome": 2.316,
        "netIncome": 1.525,
        "mktcap": 79.3699,
        "sector": "Financials",
        "name": "American Express"
      },
      {
        "stock": "BA",
        "sentiment_score": 0.5381,
        "revenue": 22.149,
        "operatingIncome": 2.019,
        "netIncome": 1.336,
        "mktcap": 104.1561,
        "sector": "Industrials",
        "name": "Boeing"
      },
      {
        "stock": "CAT",
        "sentiment_score": 0.3583,
        "revenue": 12.702,
        "operatingIncome": 1.702,
        "netIncome": 1.245,
        "mktcap": 48.3096,
        "sector": "Industrials",
        "name": "Caterpillar"
      },
      {
        "stock": "CSCO",
        "sentiment_score": 0.5993,
        "revenue": 12.245,
        "operatingIncome": 2.342,
        "netIncome": 1.828,
        "mktcap": 144.0685,
        "sector": "Technology",
        "name": "Cisco"
      },
      {
        "stock": "CVX",
        "sentiment_score": 0.4419,
        "revenue": 30.438,
        "operatingIncome": 0.662,
        "netIncome": 2.567,
        "mktcap": 197.4126,
        "sector": "Energy",
        "name": "Chevron"
      },
      {
        "stock": "DIS",
        "sentiment_score": 0.7258,
        "revenue": 13.391,
        "operatingIncome": 3.208,
        "netIncome": 2.182,
        "mktcap": 161.551,
        "sector": "Consumer Discretionary",
        "name": "Disney"
      },
      {
        "stock": "GE",
        "sentiment_score": 0.5164,
        "revenue": 26.097,
        "operatingIncome": 1.757,
        "netIncome": -13.573,
        "mktcap": 249.9838,
        "sector": "Industrials",
        "name": "General Electric"
      },
      {
        "stock": "GS",
        "sentiment_score": 0.455,
        "revenue": 11.793,
        "operatingIncome": 3.934,
        "netIncome": 2.844,
        "mktcap": 81.2205,
        "sector": "Financials",
        "name": "Goldman Sachs"
      },
      {
        "stock": "HD",
        "sentiment_score": 0.5926,
        "revenue": 19.687,
        "operatingIncome": 2.277,
        "netIncome": 1.379,
        "mktcap": 107.3435,
        "sector": "Consumer Discretionary",
        "name": "Home Depot"
      },
      {
        "stock": "IBM",
        "sentiment_score": 0.612,
        "revenue": 19.59,
        "operatingIncome": 2.792,
        "netIncome": 2.328,
        "mktcap": 158.0498,
        "sector": "Technology",
        "name": "IBM"
      },
      {
        "stock": "INTC",
        "sentiment_score": 0.4398,
        "revenue": 12.781,
        "operatingIncome": 2.615,
        "netIncome": 1.992,
        "mktcap": 151.744,
        "sector": "Technology",
        "name": "Intel"
      },
      {
        "stock": "JNJ",
        "sentiment_score": 0.4908,
        "revenue": 17.374,
        "operatingIncome": 5.346,
        "netIncome": 4.32,
        "mktcap": 278.5312,
        "sector": "Healthcare",
        "name": "Johnson and Johnson"
      },
      {
        "stock": "JPM",
        "sentiment_score": 0.5054,
        "revenue": 25.954,
        "operatingIncome": 8.224,
        "netIncome": 5.914,
        "mktcap": 224.8177,
        "sector": "Financials",
        "name": "JP Morgan"
      },
      {
        "stock": "KO",
        "sentiment_score": 0.552,
        "revenue": 10.711,
        "operatingIncome": 2.296,
        "netIncome": 1.557,
        "mktcap": 177.3648,
        "sector": "Consumer Staples",
        "name": "Coca Cola"
      },
      {
        "stock": "MCD",
        "sentiment_score": 0.4309,
        "revenue": 5.9589,
        "operatingIncome": 1.3855,
        "netIncome": 0.8115,
        "mktcap": 93.3962,
        "sector": "Consumer Discretionary",
        "name": "McDonald's"
      },
      {
        "stock": "MMM",
        "sentiment_score": 0.5692,
        "revenue": 7.578,
        "operatingIncome": 1.73,
        "netIncome": 1.199,
        "mktcap": 104.6345,
        "sector": "Industrials",
        "name": "3M"
      },
      {
        "stock": "MRK",
        "sentiment_score": 0.498,
        "revenue": 9.425,
        "operatingIncome": 1.436,
        "netIncome": 0.953,
        "mktcap": 162.5758,
        "sector": "Healthcare",
        "name": "Merck"
      },
      {
        "stock": "MSFT",
        "sentiment_score": 0.6994,
        "revenue": 23.201,
        "operatingIncome": 5.844,
        "netIncome": 4.54,
        "mktcap": 381.7261,
        "sector": "Technology",
        "name": "Microsoft"
      },
      {
        "stock": "NKE",
        "sentiment_score": 0.8724,
        "revenue": 7.982,
        "operatingIncome": 1.241,
        "netIncome": 0.962,
        "mktcap": 67.8672,
        "sector": "Consumer Discretionary",
        "name": "Nike"
      },
      {
        "stock": "PFE",
        "sentiment_score": 0.615,
        "revenue": 10.864,
        "operatingIncome": 3.037,
        "netIncome": 2.376,
        "mktcap": 212.6243,
        "sector": "Healthcare",
        "name": "Pfizer"
      },
      {
        "stock": "PG",
        "sentiment_score": 0.6901,
        "revenue": 20.792,
        "operatingIncome": 2.94,
        "netIncome": 1.99,
        "mktcap": 245.9894,
        "sector": "Consumer Staples",
        "name": "Proctor and Gamble"
      },
      {
        "stock": "TRV",
        "sentiment_score": 0.4088,
        "revenue": 6.629,
        "operatingIncome": 1.24,
        "netIncome": 0.833,
        "mktcap": 34.461,
        "sector": "Financials",
        "name": "Travelers"
      },
      {
        "stock": "UNH",
        "sentiment_score": 0.8389,
        "revenue": 35.756,
        "operatingIncome": 2.64,
        "netIncome": 1.413,
        "mktcap": 112.6121,
        "sector": "Healthcare",
        "name": "United Healthcare"
      },
      {
        "stock": "UTX",
        "sentiment_score": 0.533,
        "revenue": 13.32,
        "operatingIncome": 2.182,
        "netIncome": 1.426,
        "mktcap": 104.3317,
        "sector": "Industrials",
        "name": "United Technologies"
      },
      {
        "stock": "V",
        "sentiment_score": 0.4663,
        "revenue": 3.382,
        "operatingIncome": 2.238,
        "netIncome": 1.569,
        "mktcap": 145.7989,
        "sector": "Technology",
        "name": "Visa"
      },
      {
        "stock": "VZ",
        "sentiment_score": 0.6592,
        "revenue": 31.984,
        "operatingIncome": 7.96,
        "netIncome": 4.219,
        "mktcap": 198.3368,
        "sector": "Telecoms",
        "name": "Verizon"
      },
      {
        "stock": "WBA",
        "sentiment_score": 0.6013,
        "revenue": 19.554,
        "operatingIncome": 0.84,
        "netIncome": 0.85,
        "mktcap": 64.8805,
        "sector": "Consumer Staples",
        "name": "Walgreen Boots"
      },
      {
        "stock": "WMT",
        "sentiment_score": 0.6529,
        "revenue": 114.96,
        "operatingIncome": 6.193,
        "netIncome": 3.593,
        "mktcap": 237.4427,
        "sector": "Consumer Staples",
        "name": "Walmart"
      },
      {
        "stock": "XOM",
        "sentiment_score": 0.6795,
        "revenue": 59.228,
        "operatingIncome": 3.863,
        "netIncome": 4.94,
        "mktcap": 355.385,
        "sector": "Energy",
        "name": "ExxonMobil"
      }
    ]
  },
  {
    "quarter": "2015Q2",
    "data": [
      {
        "stock": "AAPL",
        "sentiment_score": 0.6822,
        "revenue": 58.01,
        "operatingIncome": 18.278,
        "netIncome": 13.569,
        "mktcap": 710.2008,
        "sector": "Technology",
        "name": "Apple"
      },
      {
        "stock": "AXP",
        "sentiment_score": 0.5505,
        "revenue": 8.698,
        "operatingIncome": 2.23,
        "netIncome": 1.473,
        "mktcap": 77.8754,
        "sector": "Financials",
        "name": "American Express"
      },
      {
        "stock": "BA",
        "sentiment_score": 0.7461,
        "revenue": 24.543,
        "operatingIncome": 1.683,
        "netIncome": 1.11,
        "mktcap": 94.4776,
        "sector": "Industrials",
        "name": "Boeing"
      },
      {
        "stock": "CAT",
        "sentiment_score": 0.3333,
        "revenue": 12.317,
        "operatingIncome": 1.333,
        "netIncome": 0.802,
        "mktcap": 51.1153,
        "sector": "Industrials",
        "name": "Caterpillar"
      },
      {
        "stock": "CSCO",
        "sentiment_score": 0.6,
        "revenue": 11.936,
        "operatingIncome": 2.622,
        "netIncome": 2.397,
        "mktcap": 146.7803,
        "sector": "Technology",
        "name": "Cisco"
      },
      {
        "stock": "CVX",
        "sentiment_score": 0.3828,
        "revenue": 34.864,
        "operatingIncome": -2.165,
        "netIncome": 0.571,
        "mktcap": 181.5309,
        "sector": "Energy",
        "name": "Chevron"
      },
      {
        "stock": "DIS",
        "sentiment_score": 0.7115,
        "revenue": 12.461,
        "operatingIncome": 3.106,
        "netIncome": 2.108,
        "mktcap": 179.316,
        "sector": "Consumer Discretionary",
        "name": "Disney"
      },
      {
        "stock": "GE",
        "sentiment_score": 0.5172,
        "revenue": 28.446,
        "operatingIncome": 2.121,
        "netIncome": -1.36,
        "mktcap": 268.2621,
        "sector": "Industrials",
        "name": "General Electric"
      },
      {
        "stock": "GS",
        "sentiment_score": 0.3697,
        "revenue": 10.556,
        "operatingIncome": 1.726,
        "netIncome": 1.048,
        "mktcap": 90.3576,
        "sector": "Financials",
        "name": "Goldman Sachs"
      },
      {
        "stock": "HD",
        "sentiment_score": 0.5896,
        "revenue": 23.811,
        "operatingIncome": 3.448,
        "netIncome": 2.05,
        "mktcap": 128.5314,
        "sector": "Consumer Discretionary",
        "name": "Home Depot"
      },
      {
        "stock": "IBM",
        "sentiment_score": 0.599,
        "revenue": 20.813,
        "operatingIncome": 3.911,
        "netIncome": 3.449,
        "mktcap": 159.3303,
        "sector": "Technology",
        "name": "IBM"
      },
      {
        "stock": "INTC",
        "sentiment_score": 0.4777,
        "revenue": 13.195,
        "operatingIncome": 2.896,
        "netIncome": 2.706,
        "mktcap": 147.4381,
        "sector": "Technology",
        "name": "Intel"
      },
      {
        "stock": "JNJ",
        "sentiment_score": 0.6723,
        "revenue": 17.787,
        "operatingIncome": 4.917,
        "netIncome": 4.516,
        "mktcap": 275.9007,
        "sector": "Healthcare",
        "name": "Johnson and Johnson"
      },
      {
        "stock": "JPM",
        "sentiment_score": 0.5093,
        "revenue": 25.642,
        "operatingIncome": 8.377,
        "netIncome": 6.29,
        "mktcap": 250.581,
        "sector": "Financials",
        "name": "JP Morgan"
      },
      {
        "stock": "KO",
        "sentiment_score": 0.6699,
        "revenue": 12.156,
        "operatingIncome": 2.535,
        "netIncome": 3.108,
        "mktcap": 171.742,
        "sector": "Consumer Staples",
        "name": "Coca Cola"
      },
      {
        "stock": "MCD",
        "sentiment_score": 0.6321,
        "revenue": 6.4977,
        "operatingIncome": 1.8493,
        "netIncome": 1.2024,
        "mktcap": 89.5369,
        "sector": "Consumer Discretionary",
        "name": "McDonald's"
      },
      {
        "stock": "MMM",
        "sentiment_score": 0.5625,
        "revenue": 7.686,
        "operatingIncome": 1.84,
        "netIncome": 1.3,
        "mktcap": 96.3982,
        "sector": "Industrials",
        "name": "3M"
      },
      {
        "stock": "MRK",
        "sentiment_score": 0.4868,
        "revenue": 9.785,
        "operatingIncome": 1.546,
        "netIncome": 0.687,
        "mktcap": 160.7678,
        "sector": "Healthcare",
        "name": "Merck"
      },
      {
        "stock": "MSFT",
        "sentiment_score": 0.6411,
        "revenue": 26.47,
        "operatingIncome": 7.776,
        "netIncome": 5.863,
        "mktcap": 329.834,
        "sector": "Technology",
        "name": "Microsoft"
      },
      {
        "stock": "NKE",
        "sentiment_score": 0.8101,
        "revenue": 7.38,
        "operatingIncome": 0.889,
        "netIncome": 0.655,
        "mktcap": 85.7866,
        "sector": "Consumer Discretionary",
        "name": "Nike"
      },
      {
        "stock": "PFE",
        "sentiment_score": 0.588,
        "revenue": 11.853,
        "operatingIncome": 3.595,
        "netIncome": 2.627,
        "mktcap": 209.1964,
        "sector": "Healthcare",
        "name": "Pfizer"
      },
      {
        "stock": "PG",
        "sentiment_score": 0.6389,
        "revenue": 18.495,
        "operatingIncome": 3.579,
        "netIncome": 2.372,
        "mktcap": 222.3029,
        "sector": "Consumer Staples",
        "name": "Proctor and Gamble"
      },
      {
        "stock": "TRV",
        "sentiment_score": 0.5578,
        "revenue": 6.71,
        "operatingIncome": 1.168,
        "netIncome": 0.812,
        "mktcap": 30.0806,
        "sector": "Financials",
        "name": "Travelers"
      },
      {
        "stock": "UNH",
        "sentiment_score": 0.7901,
        "revenue": 36.263,
        "operatingIncome": 2.895,
        "netIncome": 1.585,
        "mktcap": 116.144,
        "sector": "Healthcare",
        "name": "United Healthcare"
      },
      {
        "stock": "UTX",
        "sentiment_score": 0.3319,
        "revenue": 14.69,
        "operatingIncome": 2.415,
        "netIncome": 1.542,
        "mktcap": 98.794,
        "sector": "Industrials",
        "name": "United Technologies"
      },
      {
        "stock": "V",
        "sentiment_score": 0.5119,
        "revenue": 3.409,
        "operatingIncome": 2.281,
        "netIncome": 1.55,
        "mktcap": 163.376,
        "sector": "Technology",
        "name": "Visa"
      },
      {
        "stock": "VZ",
        "sentiment_score": 0.6084,
        "revenue": 32.224,
        "operatingIncome": 7.821,
        "netIncome": 4.231,
        "mktcap": 189.5019,
        "sector": "Telecoms",
        "name": "Verizon"
      },
      {
        "stock": "WBA",
        "sentiment_score": 0.5976,
        "revenue": 26.573,
        "operatingIncome": 1.276,
        "netIncome": 2.042,
        "mktcap": 90.7867,
        "sector": "Consumer Staples",
        "name": "Walgreen Boots"
      },
      {
        "stock": "WMT",
        "sentiment_score": 0.6814,
        "revenue": 120.125,
        "operatingIncome": 6.74,
        "netIncome": 4.093,
        "mktcap": 246.1233,
        "sector": "Consumer Staples",
        "name": "Walmart"
      },
      {
        "stock": "XOM",
        "sentiment_score": 0.5792,
        "revenue": 65.395,
        "operatingIncome": 4.286,
        "netIncome": 4.19,
        "mktcap": 346.8608,
        "sector": "Energy",
        "name": "ExxonMobil"
      }
    ]
  },
  {
    "quarter": "2015Q3",
    "data": [
      {
        "stock": "AAPL",
        "sentiment_score": 0.6914,
        "revenue": 49.605,
        "operatingIncome": 14.083,
        "netIncome": 10.677,
        "mktcap": 723.1594,
        "sector": "Technology",
        "name": "Apple"
      },
      {
        "stock": "AXP",
        "sentiment_score": 0.5513,
        "revenue": 8.592,
        "operatingIncome": 1.938,
        "netIncome": 1.266,
        "mktcap": 73.0181,
        "sector": "Financials",
        "name": "American Express"
      },
      {
        "stock": "BA",
        "sentiment_score": 0.6414,
        "revenue": 25.849,
        "operatingIncome": 2.58,
        "netIncome": 1.704,
        "mktcap": 87.8623,
        "sector": "Industrials",
        "name": "Boeing"
      },
      {
        "stock": "CAT",
        "sentiment_score": 0.3319,
        "revenue": 10.962,
        "operatingIncome": 0.925,
        "netIncome": 0.559,
        "mktcap": 38.0548,
        "sector": "Industrials",
        "name": "Caterpillar"
      },
      {
        "stock": "CSCO",
        "sentiment_score": 0.6617,
        "revenue": 12.137,
        "operatingIncome": 2.925,
        "netIncome": 2.437,
        "mktcap": 144.414,
        "sector": "Technology",
        "name": "Cisco"
      },
      {
        "stock": "CVX",
        "sentiment_score": 0.3738,
        "revenue": 30.967,
        "operatingIncome": 1.236,
        "netIncome": 2.037,
        "mktcap": 148.4551,
        "sector": "Energy",
        "name": "Chevron"
      },
      {
        "stock": "DIS",
        "sentiment_score": 0.6919,
        "revenue": 13.101,
        "operatingIncome": 3.762,
        "netIncome": 2.483,
        "mktcap": 183.984,
        "sector": "Consumer Discretionary",
        "name": "Disney"
      },
      {
        "stock": "GE",
        "sentiment_score": 0.4977,
        "revenue": 27.859,
        "operatingIncome": 2.361,
        "netIncome": 2.506,
        "mktcap": 254.955,
        "sector": "Industrials",
        "name": "General Electric"
      },
      {
        "stock": "GS",
        "sentiment_score": 0.2794,
        "revenue": 8.138,
        "operatingIncome": 2.046,
        "netIncome": 1.426,
        "mktcap": 74.3527,
        "sector": "Financials",
        "name": "Goldman Sachs"
      },
      {
        "stock": "HD",
        "sentiment_score": 0.5363,
        "revenue": 20.516,
        "operatingIncome": 2.553,
        "netIncome": 1.537,
        "mktcap": 136.4769,
        "sector": "Consumer Discretionary",
        "name": "Home Depot"
      },
      {
        "stock": "IBM",
        "sentiment_score": 0.5301,
        "revenue": 19.28,
        "operatingIncome": 3.418,
        "netIncome": 2.95,
        "mktcap": 140.6369,
        "sector": "Technology",
        "name": "IBM"
      },
      {
        "stock": "INTC",
        "sentiment_score": 0.5612,
        "revenue": 14.465,
        "operatingIncome": 4.192,
        "netIncome": 3.109,
        "mktcap": 136.2713,
        "sector": "Technology",
        "name": "Intel"
      },
      {
        "stock": "JNJ",
        "sentiment_score": 0.6238,
        "revenue": 17.102,
        "operatingIncome": 4.633,
        "netIncome": 3.358,
        "mktcap": 251.8226,
        "sector": "Healthcare",
        "name": "Johnson and Johnson"
      },
      {
        "stock": "JPM",
        "sentiment_score": 0.509,
        "revenue": 24.595,
        "operatingIncome": 6.73,
        "netIncome": 6.804,
        "mktcap": 224.4385,
        "sector": "Financials",
        "name": "JP Morgan"
      },
      {
        "stock": "KO",
        "sentiment_score": 0.6859,
        "revenue": 11.427,
        "operatingIncome": 2.379,
        "netIncome": 1.449,
        "mktcap": 175.3734,
        "sector": "Consumer Staples",
        "name": "Coca Cola"
      },
      {
        "stock": "MCD",
        "sentiment_score": 0.7143,
        "revenue": 6.6151,
        "operatingIncome": 2.0303,
        "netIncome": 1.3092,
        "mktcap": 90.4702,
        "sector": "Consumer Discretionary",
        "name": "McDonald's"
      },
      {
        "stock": "MMM",
        "sentiment_score": 0.4739,
        "revenue": 7.712,
        "operatingIncome": 1.876,
        "netIncome": 1.296,
        "mktcap": 87.2896,
        "sector": "Industrials",
        "name": "3M"
      },
      {
        "stock": "MRK",
        "sentiment_score": 0.5609,
        "revenue": 10.073,
        "operatingIncome": 2.227,
        "netIncome": 1.826,
        "mktcap": 138.4024,
        "sector": "Healthcare",
        "name": "Merck"
      },
      {
        "stock": "MSFT",
        "sentiment_score": 0.6836,
        "revenue": 21.729,
        "operatingIncome": 6.594,
        "netIncome": 4.985,
        "mktcap": 354.392,
        "sector": "Technology",
        "name": "Microsoft"
      },
      {
        "stock": "NKE",
        "sentiment_score": 0.7671,
        "revenue": 7.46,
        "operatingIncome": 1.047,
        "netIncome": 0.791,
        "mktcap": 83.5232,
        "sector": "Consumer Discretionary",
        "name": "Nike"
      },
      {
        "stock": "PFE",
        "sentiment_score": 0.6038,
        "revenue": 12.087,
        "operatingIncome": 3.358,
        "netIncome": 2.13,
        "mktcap": 196.857,
        "sector": "Healthcare",
        "name": "Pfizer"
      },
      {
        "stock": "PG",
        "sentiment_score": 0.6832,
        "revenue": 16.93,
        "operatingIncome": 3.025,
        "netIncome": 2.153,
        "mktcap": 212.3825,
        "sector": "Consumer Staples",
        "name": "Proctor and Gamble"
      },
      {
        "stock": "TRV",
        "sentiment_score": 0.5304,
        "revenue": 6.798,
        "operatingIncome": 1.401,
        "netIncome": 0.928,
        "mktcap": 30.277,
        "sector": "Financials",
        "name": "Travelers"
      },
      {
        "stock": "UNH",
        "sentiment_score": 0.7296,
        "revenue": 41.489,
        "operatingIncome": 3.018,
        "netIncome": 1.597,
        "mktcap": 110.5575,
        "sector": "Healthcare",
        "name": "United Healthcare"
      },
      {
        "stock": "UTX",
        "sentiment_score": 0.4593,
        "revenue": 13.788,
        "operatingIncome": 2.302,
        "netIncome": 1.362,
        "mktcap": 78.936,
        "sector": "Industrials",
        "name": "United Technologies"
      },
      {
        "stock": "V",
        "sentiment_score": 0.3642,
        "revenue": 3.518,
        "operatingIncome": 2.262,
        "netIncome": 1.697,
        "mktcap": 169.5524,
        "sector": "Technology",
        "name": "Visa"
      },
      {
        "stock": "VZ",
        "sentiment_score": 0.569,
        "revenue": 33.158,
        "operatingIncome": 7.535,
        "netIncome": 4.038,
        "mktcap": 177.0367,
        "sector": "Telecoms",
        "name": "Verizon"
      },
      {
        "stock": "WBA",
        "sentiment_score": 0.5939,
        "revenue": 28.795,
        "operatingIncome": 1.401,
        "netIncome": 1.302,
        "mktcap": 93.7345,
        "sector": "Consumer Staples",
        "name": "Walgreen Boots"
      },
      {
        "stock": "WMT",
        "sentiment_score": 0.7124,
        "revenue": 119.001,
        "operatingIncome": 6.265,
        "netIncome": 3.711,
        "mktcap": 274.3154,
        "sector": "Consumer Staples",
        "name": "Walmart"
      },
      {
        "stock": "XOM",
        "sentiment_score": 0.6558,
        "revenue": 59.866,
        "operatingIncome": 4.162,
        "netIncome": 4.24,
        "mktcap": 309.519,
        "sector": "Energy",
        "name": "ExxonMobil"
      }
    ]
  },
  {
    "quarter": "2015Q4",
    "data": [
      {
        "stock": "AAPL",
        "sentiment_score": 0.6667,
        "revenue": 51.501,
        "operatingIncome": 14.623,
        "netIncome": 11.124,
        "mktcap": 639.9388,
        "sector": "Technology",
        "name": "Apple"
      },
      {
        "stock": "AXP",
        "sentiment_score": 0.6161,
        "revenue": 8.791,
        "operatingIncome": 1.454,
        "netIncome": 0.899,
        "mktcap": 67.394,
        "sector": "Financials",
        "name": "American Express"
      },
      {
        "stock": "BA",
        "sentiment_score": 0.6468,
        "revenue": 23.573,
        "operatingIncome": 1.161,
        "netIncome": 1.026,
        "mktcap": 96.3871,
        "sector": "Industrials",
        "name": "Boeing"
      },
      {
        "stock": "CAT",
        "sentiment_score": 0.25,
        "revenue": 11.03,
        "operatingIncome": -0.175,
        "netIncome": -0.094,
        "mktcap": 39.5746,
        "sector": "Industrials",
        "name": "Caterpillar"
      },
      {
        "stock": "CSCO",
        "sentiment_score": 0.6885,
        "revenue": 12.843,
        "operatingIncome": 2.881,
        "netIncome": 2.319,
        "mktcap": 149.1567,
        "sector": "Technology",
        "name": "Cisco"
      },
      {
        "stock": "CVX",
        "sentiment_score": 0.3919,
        "revenue": 26.297,
        "operatingIncome": -3.443,
        "netIncome": -0.588,
        "mktcap": 169.3779,
        "sector": "Energy",
        "name": "Chevron"
      },
      {
        "stock": "DIS",
        "sentiment_score": 0.6595,
        "revenue": 13.512,
        "operatingIncome": 3.095,
        "netIncome": 1.609,
        "mktcap": 164.8,
        "sector": "Consumer Discretionary",
        "name": "Disney"
      },
      {
        "stock": "GE",
        "sentiment_score": 0.4854,
        "revenue": 32.757,
        "operatingIncome": 2.185,
        "netIncome": 6.301,
        "mktcap": 292.1648,
        "sector": "Industrials",
        "name": "General Electric"
      },
      {
        "stock": "GS",
        "sentiment_score": 0.2556,
        "revenue": 8.721,
        "operatingIncome": 1.072,
        "netIncome": 0.765,
        "mktcap": 75.603,
        "sector": "Financials",
        "name": "Goldman Sachs"
      },
      {
        "stock": "HD",
        "sentiment_score": 0.6164,
        "revenue": 19.162,
        "operatingIncome": 2.191,
        "netIncome": 1.379,
        "mktcap": 142.3055,
        "sector": "Consumer Discretionary",
        "name": "Home Depot"
      },
      {
        "stock": "IBM",
        "sentiment_score": 0.6833,
        "revenue": 22.06,
        "operatingIncome": 4.888,
        "netIncome": 4.463,
        "mktcap": 132.9036,
        "sector": "Technology",
        "name": "IBM"
      },
      {
        "stock": "INTC",
        "sentiment_score": 0.5426,
        "revenue": 14.914,
        "operatingIncome": 4.299,
        "netIncome": 3.613,
        "mktcap": 165.2805,
        "sector": "Technology",
        "name": "Intel"
      },
      {
        "stock": "JNJ",
        "sentiment_score": 0.6436,
        "revenue": 17.811,
        "operatingIncome": 3.169,
        "netIncome": 3.215,
        "mktcap": 283.0102,
        "sector": "Healthcare",
        "name": "Johnson and Johnson"
      },
      {
        "stock": "JPM",
        "sentiment_score": 0.3787,
        "revenue": 25.147,
        "operatingIncome": 7.371,
        "netIncome": 5.434,
        "mktcap": 241.8992,
        "sector": "Financials",
        "name": "JP Morgan"
      },
      {
        "stock": "KO",
        "sentiment_score": 0.6491,
        "revenue": 10,
        "operatingIncome": 1.518,
        "netIncome": 1.237,
        "mktcap": 185.759,
        "sector": "Consumer Staples",
        "name": "Coca Cola"
      },
      {
        "stock": "MCD",
        "sentiment_score": 0.6609,
        "revenue": 6.3413,
        "operatingIncome": 1.8804,
        "netIncome": 1.2062,
        "mktcap": 107.1294,
        "sector": "Consumer Discretionary",
        "name": "McDonald's"
      },
      {
        "stock": "MMM",
        "sentiment_score": 0.4381,
        "revenue": 7.298,
        "operatingIncome": 1.5,
        "netIncome": 1.038,
        "mktcap": 91.7895,
        "sector": "Industrials",
        "name": "3M"
      },
      {
        "stock": "MRK",
        "sentiment_score": 0.6028,
        "revenue": 10.215,
        "operatingIncome": 1.72,
        "netIncome": 0.976,
        "mktcap": 146.8992,
        "sector": "Healthcare",
        "name": "Merck"
      },
      {
        "stock": "MSFT",
        "sentiment_score": 0.6457,
        "revenue": 22.18,
        "operatingIncome": -2.053,
        "netIncome": -3.195,
        "mktcap": 353.4604,
        "sector": "Technology",
        "name": "Microsoft"
      },
      {
        "stock": "NKE",
        "sentiment_score": 0.8208,
        "revenue": 7.779,
        "operatingIncome": 0.998,
        "netIncome": 0.865,
        "mktcap": 87.1312,
        "sector": "Consumer Discretionary",
        "name": "Nike"
      },
      {
        "stock": "PFE",
        "sentiment_score": 0.5193,
        "revenue": 14.047,
        "operatingIncome": 1.836,
        "netIncome": -0.172,
        "mktcap": 199.329,
        "sector": "Healthcare",
        "name": "Pfizer"
      },
      {
        "stock": "PG",
        "sentiment_score": 0.6207,
        "revenue": 16.553,
        "operatingIncome": 0.812,
        "netIncome": 0.521,
        "mktcap": 195.718,
        "sector": "Consumer Staples",
        "name": "Proctor and Gamble"
      },
      {
        "stock": "TRV",
        "sentiment_score": 0.4518,
        "revenue": 6.678,
        "operatingIncome": 1.304,
        "netIncome": 0.866,
        "mktcap": 33.3953,
        "sector": "Financials",
        "name": "Travelers"
      },
      {
        "stock": "UNH",
        "sentiment_score": 0.6795,
        "revenue": 43.599,
        "operatingIncome": 2.468,
        "netIncome": 1.218,
        "mktcap": 112.1109,
        "sector": "Healthcare",
        "name": "United Healthcare"
      },
      {
        "stock": "UTX",
        "sentiment_score": 0.4608,
        "revenue": 14.3,
        "operatingIncome": 0.392,
        "netIncome": 3.278,
        "mktcap": 80.5397,
        "sector": "Industrials",
        "name": "United Technologies"
      },
      {
        "stock": "V",
        "sentiment_score": 0.4802,
        "revenue": 3.571,
        "operatingIncome": 2.283,
        "netIncome": 1.512,
        "mktcap": 186.818,
        "sector": "Technology",
        "name": "Visa"
      },
      {
        "stock": "VZ",
        "sentiment_score": 0.6898,
        "revenue": 34.254,
        "operatingIncome": 9.744,
        "netIncome": 5.391,
        "mktcap": 188.2622,
        "sector": "Telecoms",
        "name": "Verizon"
      },
      {
        "stock": "WBA",
        "sentiment_score": 0.5907,
        "revenue": 28.522,
        "operatingIncome": 0.836,
        "netIncome": 0.026,
        "mktcap": 94.3317,
        "sector": "Consumer Staples",
        "name": "Walgreen Boots"
      },
      {
        "stock": "WMT",
        "sentiment_score": 0.6909,
        "revenue": 131.565,
        "operatingIncome": 7.949,
        "netIncome": 4.966,
        "mktcap": 251.8674,
        "sector": "Consumer Staples",
        "name": "Walmart"
      },
      {
        "stock": "XOM",
        "sentiment_score": 0.594,
        "revenue": 52.321,
        "operatingIncome": 0.572,
        "netIncome": 2.78,
        "mktcap": 323.9602,
        "sector": "Energy",
        "name": "ExxonMobil"
      }
    ]
  },
  {
    "quarter": "2016Q1",
    "data": [
      {
        "stock": "AAPL",
        "sentiment_score": 0.5536,
        "revenue": 75.872,
        "operatingIncome": 24.171,
        "netIncome": 18.361,
        "mktcap": 598.9709,
        "sector": "Technology",
        "name": "Apple"
      },
      {
        "stock": "AXP",
        "sentiment_score": 0.5099,
        "revenue": 8.513,
        "operatingIncome": 2.184,
        "netIncome": 1.426,
        "mktcap": 58.3914,
        "sector": "Financials",
        "name": "American Express"
      },
      {
        "stock": "BA",
        "sentiment_score": 0.6522,
        "revenue": 22.632,
        "operatingIncome": 1.788,
        "netIncome": 1.219,
        "mktcap": 81.2181,
        "sector": "Industrials",
        "name": "Boeing"
      },
      {
        "stock": "CAT",
        "sentiment_score": 0.2995,
        "revenue": 9.461,
        "operatingIncome": 0.494,
        "netIncome": 0.271,
        "mktcap": 44.6893,
        "sector": "Industrials",
        "name": "Caterpillar"
      },
      {
        "stock": "CSCO",
        "sentiment_score": 0.6494,
        "revenue": 12.682,
        "operatingIncome": 3.079,
        "netIncome": 2.43,
        "mktcap": 118.0652,
        "sector": "Technology",
        "name": "Cisco"
      },
      {
        "stock": "CVX",
        "sentiment_score": 0.5333,
        "revenue": 21.418,
        "operatingIncome": -2.194,
        "netIncome": -0.725,
        "mktcap": 179.8006,
        "sector": "Energy",
        "name": "Chevron"
      },
      {
        "stock": "DIS",
        "sentiment_score": 0.6649,
        "revenue": 15.244,
        "operatingIncome": 3.908,
        "netIncome": 2.88,
        "mktcap": 178.636,
        "sector": "Consumer Discretionary",
        "name": "Disney"
      },
      {
        "stock": "GE",
        "sentiment_score": 0.5459,
        "revenue": 27.836,
        "operatingIncome": 0.545,
        "netIncome": 0.228,
        "mktcap": 292.3299,
        "sector": "Industrials",
        "name": "General Electric"
      },
      {
        "stock": "GS",
        "sentiment_score": 0.3608,
        "revenue": 7.803,
        "operatingIncome": 1.576,
        "netIncome": 1.135,
        "mktcap": 65.5505,
        "sector": "Financials",
        "name": "Goldman Sachs"
      },
      {
        "stock": "HD",
        "sentiment_score": 0.5775,
        "revenue": 20.891,
        "operatingIncome": 2.597,
        "netIncome": 1.579,
        "mktcap": 150.2665,
        "sector": "Consumer Discretionary",
        "name": "Home Depot"
      },
      {
        "stock": "IBM",
        "sentiment_score": 0.6211,
        "revenue": 18.684,
        "operatingIncome": 1.216,
        "netIncome": 2.014,
        "mktcap": 145.3862,
        "sector": "Technology",
        "name": "IBM"
      },
      {
        "stock": "INTC",
        "sentiment_score": 0.52,
        "revenue": 13.702,
        "operatingIncome": 2.568,
        "netIncome": 2.046,
        "mktcap": 153.0342,
        "sector": "Technology",
        "name": "Intel"
      },
      {
        "stock": "JNJ",
        "sentiment_score": 0.5232,
        "revenue": 17.482,
        "operatingIncome": 5.452,
        "netIncome": 4.457,
        "mktcap": 300.4587,
        "sector": "Healthcare",
        "name": "Johnson and Johnson"
      },
      {
        "stock": "JPM",
        "sentiment_score": 0.4091,
        "revenue": 25.411,
        "operatingIncome": 7.578,
        "netIncome": 5.52,
        "mktcap": 216.5473,
        "sector": "Financials",
        "name": "JP Morgan"
      },
      {
        "stock": "KO",
        "sentiment_score": 0.6512,
        "revenue": 10.282,
        "operatingIncome": 2.141,
        "netIncome": 1.483,
        "mktcap": 202.8676,
        "sector": "Consumer Staples",
        "name": "Coca Cola"
      },
      {
        "stock": "MCD",
        "sentiment_score": 0.7803,
        "revenue": 5.9039,
        "operatingIncome": 1.7803,
        "netIncome": 1.1248,
        "mktcap": 110.3219,
        "sector": "Consumer Discretionary",
        "name": "McDonald's"
      },
      {
        "stock": "MMM",
        "sentiment_score": 0.5481,
        "revenue": 7.409,
        "operatingIncome": 1.788,
        "netIncome": 1.275,
        "mktcap": 101.0635,
        "sector": "Industrials",
        "name": "3M"
      },
      {
        "stock": "MRK",
        "sentiment_score": 0.5323,
        "revenue": 9.312,
        "operatingIncome": 1.672,
        "netIncome": 1.125,
        "mktcap": 146.537,
        "sector": "Healthcare",
        "name": "Merck"
      },
      {
        "stock": "MSFT",
        "sentiment_score": 0.6319,
        "revenue": 20.91,
        "operatingIncome": 6.316,
        "netIncome": 5.069,
        "mktcap": 439.679,
        "sector": "Technology",
        "name": "Microsoft"
      },
      {
        "stock": "NKE",
        "sentiment_score": 0.8073,
        "revenue": 8.414,
        "operatingIncome": 1.418,
        "netIncome": 1.179,
        "mktcap": 95.4345,
        "sector": "Consumer Discretionary",
        "name": "Nike"
      },
      {
        "stock": "PFE",
        "sentiment_score": 0.5926,
        "revenue": 13.005,
        "operatingIncome": 3.891,
        "netIncome": 3.038,
        "mktcap": 182.1881,
        "sector": "Healthcare",
        "name": "Pfizer"
      },
      {
        "stock": "PG",
        "sentiment_score": 0.5646,
        "revenue": 16.527,
        "operatingIncome": 3.768,
        "netIncome": 2.601,
        "mktcap": 214.7696,
        "sector": "Consumer Staples",
        "name": "Proctor and Gamble"
      },
      {
        "stock": "TRV",
        "sentiment_score": 0.4113,
        "revenue": 6.686,
        "operatingIncome": 1.008,
        "netIncome": 0.691,
        "mktcap": 34.126,
        "sector": "Financials",
        "name": "Travelers"
      },
      {
        "stock": "UNH",
        "sentiment_score": 0.6923,
        "revenue": 44.527,
        "operatingIncome": 2.96,
        "netIncome": 1.611,
        "mktcap": 122.9706,
        "sector": "Healthcare",
        "name": "United Healthcare"
      },
      {
        "stock": "UTX",
        "sentiment_score": 0.4682,
        "revenue": 13.357,
        "operatingIncome": 1.945,
        "netIncome": 1.183,
        "mktcap": 83.7703,
        "sector": "Industrials",
        "name": "United Technologies"
      },
      {
        "stock": "V",
        "sentiment_score": 0.4549,
        "revenue": 3.565,
        "operatingIncome": 2.396,
        "netIncome": 1.941,
        "mktcap": 165.8851,
        "sector": "Technology",
        "name": "Visa"
      },
      {
        "stock": "VZ",
        "sentiment_score": 0.6075,
        "revenue": 32.171,
        "operatingIncome": 7.942,
        "netIncome": 4.31,
        "mktcap": 220.4457,
        "sector": "Telecoms",
        "name": "Verizon"
      },
      {
        "stock": "WBA",
        "sentiment_score": 0.6545,
        "revenue": 29.033,
        "operatingIncome": 1.468,
        "netIncome": 1.11,
        "mktcap": 91.2277,
        "sector": "Consumer Staples",
        "name": "Walgreen Boots"
      },
      {
        "stock": "WMT",
        "sentiment_score": 0.6622,
        "revenue": 114.826,
        "operatingIncome": 5.68,
        "netIncome": 3.341,
        "mktcap": 231.4157,
        "sector": "Consumer Staples",
        "name": "Walmart"
      },
      {
        "stock": "XOM",
        "sentiment_score": 0.687,
        "revenue": 42.29,
        "operatingIncome": 0.205,
        "netIncome": 1.81,
        "mktcap": 346.6477,
        "sector": "Energy",
        "name": "ExxonMobil"
      }
    ]
  },
  {
    "quarter": "2016Q2",
    "data": [
      {
        "stock": "AAPL",
        "sentiment_score": 0.5839,
        "revenue": 50.557,
        "operatingIncome": 13.987,
        "netIncome": 10.516,
        "mktcap": 578.9074,
        "sector": "Technology",
        "name": "Apple"
      },
      {
        "stock": "AXP",
        "sentiment_score": 0.5155,
        "revenue": 8.671,
        "operatingIncome": 3.016,
        "netIncome": 2.015,
        "mktcap": 56.203,
        "sector": "Financials",
        "name": "American Express"
      },
      {
        "stock": "BA",
        "sentiment_score": 0.634,
        "revenue": 24.755,
        "operatingIncome": -0.419,
        "netIncome": -0.234,
        "mktcap": 81.2802,
        "sector": "Industrials",
        "name": "Boeing"
      },
      {
        "stock": "CAT",
        "sentiment_score": 0.3118,
        "revenue": 10.342,
        "operatingIncome": 0.785,
        "netIncome": 0.55,
        "mktcap": 44.1458,
        "sector": "Industrials",
        "name": "Caterpillar"
      },
      {
        "stock": "CSCO",
        "sentiment_score": 0.5385,
        "revenue": 11.927,
        "operatingIncome": 3.294,
        "netIncome": 3.147,
        "mktcap": 138.3847,
        "sector": "Technology",
        "name": "Cisco"
      },
      {
        "stock": "CVX",
        "sentiment_score": 0.5189,
        "revenue": 26.06,
        "operatingIncome": -3.429,
        "netIncome": -1.47,
        "mktcap": 197.7639,
        "sector": "Energy",
        "name": "Chevron"
      },
      {
        "stock": "DIS",
        "sentiment_score": 0.6821,
        "revenue": 12.969,
        "operatingIncome": 3.363,
        "netIncome": 2.143,
        "mktcap": 168.419,
        "sector": "Consumer Discretionary",
        "name": "Disney"
      },
      {
        "stock": "GE",
        "sentiment_score": 0.4933,
        "revenue": 30.344,
        "operatingIncome": 4.192,
        "netIncome": 2.908,
        "mktcap": 282.0996,
        "sector": "Industrials",
        "name": "General Electric"
      },
      {
        "stock": "GS",
        "sentiment_score": 0.2912,
        "revenue": 9.708,
        "operatingIncome": 2.463,
        "netIncome": 1.822,
        "mktcap": 60.4114,
        "sector": "Financials",
        "name": "Goldman Sachs"
      },
      {
        "stock": "HD",
        "sentiment_score": 0.6186,
        "revenue": 24.829,
        "operatingIncome": 3.647,
        "netIncome": 2.234,
        "mktcap": 156.7755,
        "sector": "Consumer Discretionary",
        "name": "Home Depot"
      },
      {
        "stock": "IBM",
        "sentiment_score": 0.6138,
        "revenue": 20.238,
        "operatingIncome": 2.888,
        "netIncome": 2.504,
        "mktcap": 145.078,
        "sector": "Technology",
        "name": "IBM"
      },
      {
        "stock": "INTC",
        "sentiment_score": 0.5227,
        "revenue": 13.533,
        "operatingIncome": 1.318,
        "netIncome": 1.33,
        "mktcap": 154.842,
        "sector": "Technology",
        "name": "Intel"
      },
      {
        "stock": "JNJ",
        "sentiment_score": 0.6481,
        "revenue": 18.482,
        "operatingIncome": 5.677,
        "netIncome": 3.997,
        "mktcap": 332.0501,
        "sector": "Healthcare",
        "name": "Johnson and Johnson"
      },
      {
        "stock": "JPM",
        "sentiment_score": 0.4597,
        "revenue": 26.846,
        "operatingIncome": 9.34,
        "netIncome": 6.2,
        "mktcap": 224.4486,
        "sector": "Financials",
        "name": "JP Morgan"
      },
      {
        "stock": "KO",
        "sentiment_score": 0.5123,
        "revenue": 11.539,
        "operatingIncome": 2.859,
        "netIncome": 3.448,
        "mktcap": 194.6928,
        "sector": "Consumer Staples",
        "name": "Coca Cola"
      },
      {
        "stock": "MCD",
        "sentiment_score": 0.7256,
        "revenue": 6.265,
        "operatingIncome": 1.8579,
        "netIncome": 1.0929,
        "mktcap": 102.6861,
        "sector": "Consumer Discretionary",
        "name": "McDonald's"
      },
      {
        "stock": "MMM",
        "sentiment_score": 0.5112,
        "revenue": 7.662,
        "operatingIncome": 1.866,
        "netIncome": 1.291,
        "mktcap": 105.8426,
        "sector": "Industrials",
        "name": "3M"
      },
      {
        "stock": "MRK",
        "sentiment_score": 0.6071,
        "revenue": 9.844,
        "operatingIncome": 1.523,
        "netIncome": 1.205,
        "mktcap": 159.3278,
        "sector": "Healthcare",
        "name": "Merck"
      },
      {
        "stock": "MSFT",
        "sentiment_score": 0.6425,
        "revenue": 25.253,
        "operatingIncome": 7.489,
        "netIncome": 5.938,
        "mktcap": 434.6601,
        "sector": "Technology",
        "name": "Microsoft"
      },
      {
        "stock": "NKE",
        "sentiment_score": 0.8429,
        "revenue": 7.686,
        "operatingIncome": 0.941,
        "netIncome": 0.785,
        "mktcap": 112.901,
        "sector": "Consumer Discretionary",
        "name": "Nike"
      },
      {
        "stock": "PFE",
        "sentiment_score": 0.5694,
        "revenue": 13.147,
        "operatingIncome": 3.477,
        "netIncome": 2.047,
        "mktcap": 215.7553,
        "sector": "Healthcare",
        "name": "Pfizer"
      },
      {
        "stock": "PG",
        "sentiment_score": 0.5382,
        "revenue": 16.915,
        "operatingIncome": 3.853,
        "netIncome": 3.206,
        "mktcap": 219.097,
        "sector": "Consumer Staples",
        "name": "Proctor and Gamble"
      },
      {
        "stock": "TRV",
        "sentiment_score": 0.4125,
        "revenue": 6.785,
        "operatingIncome": 0.98,
        "netIncome": 0.664,
        "mktcap": 34.3192,
        "sector": "Financials",
        "name": "Travelers"
      },
      {
        "stock": "UNH",
        "sentiment_score": 0.6701,
        "revenue": 46.485,
        "operatingIncome": 3.203,
        "netIncome": 1.754,
        "mktcap": 134.2812,
        "sector": "Healthcare",
        "name": "United Healthcare"
      },
      {
        "stock": "UTX",
        "sentiment_score": 0.4211,
        "revenue": 14.874,
        "operatingIncome": 2.337,
        "netIncome": 1.379,
        "mktcap": 85.8269,
        "sector": "Industrials",
        "name": "United Technologies"
      },
      {
        "stock": "V",
        "sentiment_score": 0.4314,
        "revenue": 3.626,
        "operatingIncome": 2.434,
        "netIncome": 1.707,
        "mktcap": 175.2637,
        "sector": "Technology",
        "name": "Visa"
      },
      {
        "stock": "VZ",
        "sentiment_score": 0.5764,
        "revenue": 30.532,
        "operatingIncome": 4.554,
        "netIncome": 0.702,
        "mktcap": 227.6207,
        "sector": "Telecoms",
        "name": "Verizon"
      },
      {
        "stock": "WBA",
        "sentiment_score": 0.5784,
        "revenue": 30.184,
        "operatingIncome": 1.86,
        "netIncome": 0.93,
        "mktcap": 85.2284,
        "sector": "Consumer Staples",
        "name": "Walgreen Boots"
      },
      {
        "stock": "WMT",
        "sentiment_score": 0.6888,
        "revenue": 120.229,
        "operatingIncome": 6.069,
        "netIncome": 3.475,
        "mktcap": 183.7404,
        "sector": "Consumer Staples",
        "name": "Walmart"
      },
      {
        "stock": "XOM",
        "sentiment_score": 0.547,
        "revenue": 50.925,
        "operatingIncome": 1.137,
        "netIncome": 1.7,
        "mktcap": 388.7398,
        "sector": "Energy",
        "name": "ExxonMobil"
      }
    ]
  },
  {
    "quarter": "2016Q3",
    "data": [
      {
        "stock": "AAPL",
        "sentiment_score": 0.7034,
        "revenue": 42.358,
        "operatingIncome": 10.105,
        "netIncome": 7.796,
        "mktcap": 503.7216,
        "sector": "Technology",
        "name": "Apple"
      },
      {
        "stock": "AXP",
        "sentiment_score": 0.5875,
        "revenue": 8.204,
        "operatingIncome": 1.735,
        "netIncome": 1.142,
        "mktcap": 58.7247,
        "sector": "Financials",
        "name": "American Express"
      },
      {
        "stock": "BA",
        "sentiment_score": 0.7008,
        "revenue": 23.898,
        "operatingIncome": 2.282,
        "netIncome": 2.279,
        "mktcap": 81.5417,
        "sector": "Industrials",
        "name": "Boeing"
      },
      {
        "stock": "CAT",
        "sentiment_score": 0.2892,
        "revenue": 9.16,
        "operatingIncome": 0.481,
        "netIncome": 0.283,
        "mktcap": 51.9369,
        "sector": "Industrials",
        "name": "Caterpillar"
      },
      {
        "stock": "CSCO",
        "sentiment_score": 0.5879,
        "revenue": 12,
        "operatingIncome": 2.984,
        "netIncome": 2.349,
        "mktcap": 153.5354,
        "sector": "Technology",
        "name": "Cisco"
      },
      {
        "stock": "CVX",
        "sentiment_score": 0.5521,
        "revenue": 27.387,
        "operatingIncome": 0.192,
        "netIncome": 1.283,
        "mktcap": 194.2892,
        "sector": "Energy",
        "name": "Chevron"
      },
      {
        "stock": "DIS",
        "sentiment_score": 0.6964,
        "revenue": 14.277,
        "operatingIncome": 4.101,
        "netIncome": 2.597,
        "mktcap": 166.651,
        "sector": "Consumer Discretionary",
        "name": "Disney"
      },
      {
        "stock": "GE",
        "sentiment_score": 0.5241,
        "revenue": 29.038,
        "operatingIncome": 2.417,
        "netIncome": 2.027,
        "mktcap": 262.0301,
        "sector": "Industrials",
        "name": "General Electric"
      },
      {
        "stock": "GS",
        "sentiment_score": 0.4525,
        "revenue": 9.943,
        "operatingIncome": 2.868,
        "netIncome": 2.094,
        "mktcap": 64.3809,
        "sector": "Financials",
        "name": "Goldman Sachs"
      },
      {
        "stock": "HD",
        "sentiment_score": 0.6321,
        "revenue": 21.819,
        "operatingIncome": 2.981,
        "netIncome": 1.725,
        "mktcap": 153.0946,
        "sector": "Consumer Discretionary",
        "name": "Home Depot"
      },
      {
        "stock": "IBM",
        "sentiment_score": 0.6645,
        "revenue": 19.226,
        "operatingIncome": 2.884,
        "netIncome": 2.853,
        "mktcap": 151.0432,
        "sector": "Technology",
        "name": "IBM"
      },
      {
        "stock": "INTC",
        "sentiment_score": 0.5689,
        "revenue": 15.778,
        "operatingIncome": 4.462,
        "netIncome": 3.378,
        "mktcap": 178.8973,
        "sector": "Technology",
        "name": "Intel"
      },
      {
        "stock": "JNJ",
        "sentiment_score": 0.5854,
        "revenue": 17.82,
        "operatingIncome": 5.384,
        "netIncome": 4.272,
        "mktcap": 321.6188,
        "sector": "Healthcare",
        "name": "Johnson and Johnson"
      },
      {
        "stock": "JPM",
        "sentiment_score": 0.4227,
        "revenue": 27.14,
        "operatingIncome": 8.939,
        "netIncome": 6.286,
        "mktcap": 238.2766,
        "sector": "Financials",
        "name": "JP Morgan"
      },
      {
        "stock": "KO",
        "sentiment_score": 0.7222,
        "revenue": 10.633,
        "operatingIncome": 2.271,
        "netIncome": 1.046,
        "mktcap": 182.5262,
        "sector": "Consumer Staples",
        "name": "Coca Cola"
      },
      {
        "stock": "MCD",
        "sentiment_score": 0.7379,
        "revenue": 6.4241,
        "operatingIncome": 2.1373,
        "netIncome": 1.2754,
        "mktcap": 95.7949,
        "sector": "Consumer Discretionary",
        "name": "McDonald's"
      },
      {
        "stock": "MMM",
        "sentiment_score": 0.4957,
        "revenue": 7.709,
        "operatingIncome": 1.904,
        "netIncome": 1.329,
        "mktcap": 105.9964,
        "sector": "Industrials",
        "name": "3M"
      },
      {
        "stock": "MRK",
        "sentiment_score": 0.5377,
        "revenue": 10.536,
        "operatingIncome": 2.909,
        "netIncome": 2.184,
        "mktcap": 172.3553,
        "sector": "Healthcare",
        "name": "Merck"
      },
      {
        "stock": "MSFT",
        "sentiment_score": 0.5429,
        "revenue": 21.517,
        "operatingIncome": 6.277,
        "netIncome": 4.305,
        "mktcap": 399.5354,
        "sector": "Technology",
        "name": "Microsoft"
      },
      {
        "stock": "NKE",
        "sentiment_score": 0.8213,
        "revenue": 8.032,
        "operatingIncome": 1.123,
        "netIncome": 0.95,
        "mktcap": 103.7791,
        "sector": "Consumer Discretionary",
        "name": "Nike"
      },
      {
        "stock": "PFE",
        "sentiment_score": 0.4947,
        "revenue": 13.045,
        "operatingIncome": 3.021,
        "netIncome": 1.355,
        "mktcap": 205.5352,
        "sector": "Healthcare",
        "name": "Pfizer"
      },
      {
        "stock": "PG",
        "sentiment_score": 0.6477,
        "revenue": 15.755,
        "operatingIncome": 3.318,
        "netIncome": 2.75,
        "mktcap": 225.8996,
        "sector": "Consumer Staples",
        "name": "Proctor and Gamble"
      },
      {
        "stock": "TRV",
        "sentiment_score": 0.3219,
        "revenue": 6.961,
        "operatingIncome": 1.036,
        "netIncome": 0.716,
        "mktcap": 32.5437,
        "sector": "Financials",
        "name": "Travelers"
      },
      {
        "stock": "UNH",
        "sentiment_score": 0.7861,
        "revenue": 46.293,
        "operatingIncome": 3.58,
        "netIncome": 1.968,
        "mktcap": 133.28,
        "sector": "Healthcare",
        "name": "United Healthcare"
      },
      {
        "stock": "UTX",
        "sentiment_score": 0.4118,
        "revenue": 14.354,
        "operatingIncome": 2.251,
        "netIncome": 1.48,
        "mktcap": 83.658,
        "sector": "Industrials",
        "name": "United Technologies"
      },
      {
        "stock": "V",
        "sentiment_score": 0.4786,
        "revenue": 3.63,
        "operatingIncome": 0.428,
        "netIncome": 0.412,
        "mktcap": 193.7661,
        "sector": "Technology",
        "name": "Visa"
      },
      {
        "stock": "VZ",
        "sentiment_score": 0.586,
        "revenue": 30.937,
        "operatingIncome": 6.54,
        "netIncome": 3.62,
        "mktcap": 211.9034,
        "sector": "Telecoms",
        "name": "Verizon"
      },
      {
        "stock": "WBA",
        "sentiment_score": 0.6425,
        "revenue": 29.498,
        "operatingIncome": 1.53,
        "netIncome": 1.103,
        "mktcap": 83.7314,
        "sector": "Consumer Staples",
        "name": "Walgreen Boots"
      },
      {
        "stock": "WMT",
        "sentiment_score": 0.7083,
        "revenue": 117.408,
        "operatingIncome": 5.714,
        "netIncome": 3.304,
        "mktcap": 209.8303,
        "sector": "Consumer Staples",
        "name": "Walmart"
      },
      {
        "stock": "XOM",
        "sentiment_score": 0.5721,
        "revenue": 51.33,
        "operatingIncome": 1.422,
        "netIncome": 2.65,
        "mktcap": 361.9502,
        "sector": "Energy",
        "name": "ExxonMobil"
      }
    ]
  },
  {
    "quarter": "2016Q4",
    "data": [
      {
        "stock": "AAPL",
        "sentiment_score": 0.7674,
        "revenue": 46.852,
        "operatingIncome": 11.761,
        "netIncome": 9.014,
        "mktcap": 601.4393,
        "sector": "Technology",
        "name": "Apple"
      },
      {
        "stock": "AXP",
        "sentiment_score": 0.6378,
        "revenue": 8.435,
        "operatingIncome": 1.161,
        "netIncome": 0.825,
        "mktcap": 66.9683,
        "sector": "Financials",
        "name": "American Express"
      },
      {
        "stock": "BA",
        "sentiment_score": 0.6993,
        "revenue": 23.286,
        "operatingIncome": 2.183,
        "netIncome": 1.631,
        "mktcap": 96.0782,
        "sector": "Industrials",
        "name": "Boeing"
      },
      {
        "stock": "CAT",
        "sentiment_score": 0.3333,
        "revenue": 9.574,
        "operatingIncome": -1.262,
        "netIncome": -1.171,
        "mktcap": 54.3907,
        "sector": "Industrials",
        "name": "Caterpillar"
      },
      {
        "stock": "CSCO",
        "sentiment_score": 0.5032,
        "revenue": 12.638,
        "operatingIncome": 3.303,
        "netIncome": 2.813,
        "mktcap": 153.6842,
        "sector": "Technology",
        "name": "Cisco"
      },
      {
        "stock": "CVX",
        "sentiment_score": 0.5633,
        "revenue": 28.445,
        "operatingIncome": -0.785,
        "netIncome": 0.415,
        "mktcap": 222.6304,
        "sector": "Energy",
        "name": "Chevron"
      },
      {
        "stock": "DIS",
        "sentiment_score": 0.615,
        "revenue": 13.142,
        "operatingIncome": 2.83,
        "netIncome": 1.771,
        "mktcap": 148.576,
        "sector": "Consumer Discretionary",
        "name": "Disney"
      },
      {
        "stock": "GE",
        "sentiment_score": 0.5688,
        "revenue": 32.469,
        "operatingIncome": 3.111,
        "netIncome": 3.667,
        "mktcap": 276.2666,
        "sector": "Industrials",
        "name": "General Electric"
      },
      {
        "stock": "GS",
        "sentiment_score": 0.4248,
        "revenue": 10.258,
        "operatingIncome": 3.397,
        "netIncome": 2.347,
        "mktcap": 94.0158,
        "sector": "Financials",
        "name": "Goldman Sachs"
      },
      {
        "stock": "HD",
        "sentiment_score": 0.5872,
        "revenue": 20.98,
        "operatingIncome": 2.549,
        "netIncome": 1.471,
        "mktcap": 166.693,
        "sector": "Consumer Discretionary",
        "name": "Home Depot"
      },
      {
        "stock": "IBM",
        "sentiment_score": 0.6702,
        "revenue": 21.77,
        "operatingIncome": 4.486,
        "netIncome": 4.501,
        "mktcap": 157.0045,
        "sector": "Technology",
        "name": "IBM"
      },
      {
        "stock": "INTC",
        "sentiment_score": 0.5587,
        "revenue": 16.374,
        "operatingIncome": 4.526,
        "netIncome": 3.562,
        "mktcap": 171.5571,
        "sector": "Technology",
        "name": "Intel"
      },
      {
        "stock": "JNJ",
        "sentiment_score": 0.6122,
        "revenue": 18.106,
        "operatingIncome": 4.623,
        "netIncome": 3.814,
        "mktcap": 311.8171,
        "sector": "Healthcare",
        "name": "Johnson and Johnson"
      },
      {
        "stock": "JPM",
        "sentiment_score": 0.5931,
        "revenue": 26.089,
        "operatingIncome": 8.679,
        "netIncome": 6.727,
        "mktcap": 307.2951,
        "sector": "Financials",
        "name": "JP Morgan"
      },
      {
        "stock": "KO",
        "sentiment_score": 0.5366,
        "revenue": 9.409,
        "operatingIncome": 1.355,
        "netIncome": 0.55,
        "mktcap": 177.7805,
        "sector": "Consumer Staples",
        "name": "Coca Cola"
      },
      {
        "stock": "MCD",
        "sentiment_score": 0.8135,
        "revenue": 6.0289,
        "operatingIncome": 1.969,
        "netIncome": 1.1934,
        "mktcap": 99.7252,
        "sector": "Consumer Discretionary",
        "name": "McDonald's"
      },
      {
        "stock": "MMM",
        "sentiment_score": 0.5806,
        "revenue": 7.329,
        "operatingIncome": 1.665,
        "netIncome": 1.155,
        "mktcap": 106.5574,
        "sector": "Industrials",
        "name": "3M"
      },
      {
        "stock": "MRK",
        "sentiment_score": 0.4685,
        "revenue": 10.115,
        "operatingIncome": 2.205,
        "netIncome": 1.177,
        "mktcap": 161.8178,
        "sector": "Healthcare",
        "name": "Merck"
      },
      {
        "stock": "MSFT",
        "sentiment_score": 0.5773,
        "revenue": 23.474,
        "operatingIncome": 5.996,
        "netIncome": 5.227,
        "mktcap": 448.3584,
        "sector": "Technology",
        "name": "Microsoft"
      },
      {
        "stock": "NKE",
        "sentiment_score": 0.8475,
        "revenue": 8.244,
        "operatingIncome": 1.02,
        "netIncome": 0.846,
        "mktcap": 92.88,
        "sector": "Consumer Discretionary",
        "name": "Nike"
      },
      {
        "stock": "PFE",
        "sentiment_score": 0.4704,
        "revenue": 13.627,
        "operatingIncome": 1.618,
        "netIncome": 0.775,
        "mktcap": 197.1536,
        "sector": "Healthcare",
        "name": "Pfizer"
      },
      {
        "stock": "PG",
        "sentiment_score": 0.6957,
        "revenue": 16.102,
        "operatingIncome": 2.502,
        "netIncome": 1.951,
        "mktcap": 240.1703,
        "sector": "Consumer Staples",
        "name": "Proctor and Gamble"
      },
      {
        "stock": "TRV",
        "sentiment_score": 0.3566,
        "revenue": 7.193,
        "operatingIncome": 1.392,
        "netIncome": 0.943,
        "mktcap": 34.2286,
        "sector": "Financials",
        "name": "Travelers"
      },
      {
        "stock": "UNH",
        "sentiment_score": 0.7217,
        "revenue": 47.535,
        "operatingIncome": 3.187,
        "netIncome": 1.684,
        "mktcap": 152.3581,
        "sector": "Healthcare",
        "name": "United Healthcare"
      },
      {
        "stock": "UTX",
        "sentiment_score": 0.5052,
        "revenue": 14.659,
        "operatingIncome": 1.639,
        "netIncome": 1.013,
        "mktcap": 88.6498,
        "sector": "Industrials",
        "name": "United Technologies"
      },
      {
        "stock": "V",
        "sentiment_score": 0.4772,
        "revenue": 4.261,
        "operatingIncome": 2.625,
        "netIncome": 1.931,
        "mktcap": 181.0844,
        "sector": "Technology",
        "name": "Visa"
      },
      {
        "stock": "VZ",
        "sentiment_score": 0.6581,
        "revenue": 32.34,
        "operatingIncome": 8.023,
        "netIncome": 4.495,
        "mktcap": 217.6134,
        "sector": "Telecoms",
        "name": "Verizon"
      },
      {
        "stock": "WBA",
        "sentiment_score": 0.6283,
        "revenue": 28.636,
        "operatingIncome": 1.106,
        "netIncome": 1.03,
        "mktcap": 87.4078,
        "sector": "Consumer Staples",
        "name": "Walgreen Boots"
      },
      {
        "stock": "WMT",
        "sentiment_score": 0.6547,
        "revenue": 129.667,
        "operatingIncome": 6.642,
        "netIncome": 4.574,
        "mktcap": 208.9688,
        "sector": "Consumer Staples",
        "name": "Walmart"
      },
      {
        "stock": "XOM",
        "sentiment_score": 0.5888,
        "revenue": 56.399,
        "operatingIncome": -1.828,
        "netIncome": 1.68,
        "mktcap": 374.3985,
        "sector": "Energy",
        "name": "ExxonMobil"
      }
    ]
  },
  {
    "quarter": "2017Q1",
    "data": [
      {
        "stock": "AAPL",
        "sentiment_score": 0.7278,
        "revenue": 78.351,
        "operatingIncome": 23.359,
        "netIncome": 17.891,
        "mktcap": 608.6831,
        "sector": "Technology",
        "name": "Apple"
      },
      {
        "stock": "AXP",
        "sentiment_score": 0.7152,
        "revenue": 9.152,
        "operatingIncome": 1.839,
        "netIncome": 1.251,
        "mktcap": 70.8034,
        "sector": "Financials",
        "name": "American Express"
      },
      {
        "stock": "BA",
        "sentiment_score": 0.7427,
        "revenue": 21.961,
        "operatingIncome": 2.206,
        "netIncome": 1.579,
        "mktcap": 107.1404,
        "sector": "Industrials",
        "name": "Boeing"
      },
      {
        "stock": "CAT",
        "sentiment_score": 0.4631,
        "revenue": 9.822,
        "operatingIncome": 0.38,
        "netIncome": 0.192,
        "mktcap": 54.644,
        "sector": "Industrials",
        "name": "Caterpillar"
      },
      {
        "stock": "CSCO",
        "sentiment_score": 0.5745,
        "revenue": 12.352,
        "operatingIncome": 2.877,
        "netIncome": 2.322,
        "mktcap": 155.1169,
        "sector": "Technology",
        "name": "Cisco"
      },
      {
        "stock": "CVX",
        "sentiment_score": 0.5165,
        "revenue": 29.847,
        "operatingIncome": 1.283,
        "netIncome": 2.682,
        "mktcap": 203.4186,
        "sector": "Energy",
        "name": "Chevron"
      },
      {
        "stock": "DIS",
        "sentiment_score": 0.6207,
        "revenue": 14.784,
        "operatingIncome": 3.706,
        "netIncome": 2.479,
        "mktcap": 166.752,
        "sector": "Consumer Discretionary",
        "name": "Disney"
      },
      {
        "stock": "GE",
        "sentiment_score": 0.4829,
        "revenue": 26.88,
        "operatingIncome": -0.25,
        "netIncome": -0.083,
        "mktcap": 258.7821,
        "sector": "Industrials",
        "name": "General Electric"
      },
      {
        "stock": "GS",
        "sentiment_score": 0.3922,
        "revenue": 10.256,
        "operatingIncome": 2.539,
        "netIncome": 2.255,
        "mktcap": 90.6915,
        "sector": "Financials",
        "name": "Goldman Sachs"
      },
      {
        "stock": "HD",
        "sentiment_score": 0.6683,
        "revenue": 22.762,
        "operatingIncome": 3.077,
        "netIncome": 1.803,
        "mktcap": 170.8646,
        "sector": "Consumer Discretionary",
        "name": "Home Depot"
      },
      {
        "stock": "IBM",
        "sentiment_score": 0.6823,
        "revenue": 18.155,
        "operatingIncome": 1.433,
        "netIncome": 1.75,
        "mktcap": 163.604,
        "sector": "Technology",
        "name": "IBM"
      },
      {
        "stock": "INTC",
        "sentiment_score": 0.6039,
        "revenue": 14.796,
        "operatingIncome": 3.632,
        "netIncome": 2.964,
        "mktcap": 169.8536,
        "sector": "Technology",
        "name": "Intel"
      },
      {
        "stock": "JNJ",
        "sentiment_score": 0.3872,
        "revenue": 17.766,
        "operatingIncome": 5.524,
        "netIncome": 4.422,
        "mktcap": 335.6509,
        "sector": "Healthcare",
        "name": "Johnson and Johnson"
      },
      {
        "stock": "JPM",
        "sentiment_score": 0.4607,
        "revenue": 27.917,
        "operatingIncome": 8.341,
        "netIncome": 6.448,
        "mktcap": 312.0783,
        "sector": "Financials",
        "name": "JP Morgan"
      },
      {
        "stock": "KO",
        "sentiment_score": 0.6492,
        "revenue": 9.118,
        "operatingIncome": 1.963,
        "netIncome": 1.182,
        "mktcap": 181.3461,
        "sector": "Consumer Staples",
        "name": "Coca Cola"
      },
      {
        "stock": "MCD",
        "sentiment_score": 0.6944,
        "revenue": 5.6759,
        "operatingIncome": 2.034,
        "netIncome": 1.2148,
        "mktcap": 105.6321,
        "sector": "Consumer Discretionary",
        "name": "McDonald's"
      },
      {
        "stock": "MMM",
        "sentiment_score": 0.5912,
        "revenue": 7.685,
        "operatingIncome": 1.742,
        "netIncome": 1.323,
        "mktcap": 114.2698,
        "sector": "Industrials",
        "name": "3M"
      },
      {
        "stock": "MRK",
        "sentiment_score": 0.4925,
        "revenue": 9.434,
        "operatingIncome": 1.932,
        "netIncome": 1.551,
        "mktcap": 174.1273,
        "sector": "Healthcare",
        "name": "Merck"
      },
      {
        "stock": "MSFT",
        "sentiment_score": 0.6145,
        "revenue": 21.928,
        "operatingIncome": 6.715,
        "netIncome": 5.667,
        "mktcap": 480.3422,
        "sector": "Technology",
        "name": "Microsoft"
      },
      {
        "stock": "NKE",
        "sentiment_score": 0.8996,
        "revenue": 9.061,
        "operatingIncome": 1.226,
        "netIncome": 1.249,
        "mktcap": 96.1435,
        "sector": "Consumer Discretionary",
        "name": "Nike"
      },
      {
        "stock": "PFE",
        "sentiment_score": 0.5451,
        "revenue": 12.779,
        "operatingIncome": 4.01,
        "netIncome": 3.121,
        "mktcap": 204.16,
        "sector": "Healthcare",
        "name": "Pfizer"
      },
      {
        "stock": "PG",
        "sentiment_score": 0.6667,
        "revenue": 16.518,
        "operatingIncome": 3.771,
        "netIncome": 2.714,
        "mktcap": 214.9486,
        "sector": "Consumer Staples",
        "name": "Proctor and Gamble"
      },
      {
        "stock": "TRV",
        "sentiment_score": 0.5018,
        "revenue": 6.942,
        "operatingIncome": 0.849,
        "netIncome": 0.617,
        "mktcap": 33.6789,
        "sector": "Financials",
        "name": "Travelers"
      },
      {
        "stock": "UNH",
        "sentiment_score": 0.7783,
        "revenue": 48.723,
        "operatingIncome": 3.413,
        "netIncome": 2.172,
        "mktcap": 158.2696,
        "sector": "Healthcare",
        "name": "United Healthcare"
      },
      {
        "stock": "UTX",
        "sentiment_score": 0.5906,
        "revenue": 13.815,
        "operatingIncome": 2.144,
        "netIncome": 1.386,
        "mktcap": 89.9057,
        "sector": "Industrials",
        "name": "United Technologies"
      },
      {
        "stock": "V",
        "sentiment_score": 0.5729,
        "revenue": 4.461,
        "operatingIncome": 3.1,
        "netIncome": 2.07,
        "mktcap": 187.1602,
        "sector": "Technology",
        "name": "Visa"
      },
      {
        "stock": "VZ",
        "sentiment_score": 0.6471,
        "revenue": 29.814,
        "operatingIncome": 6.962,
        "netIncome": 3.45,
        "mktcap": 198.8693,
        "sector": "Telecoms",
        "name": "Verizon"
      },
      {
        "stock": "WBA",
        "sentiment_score": 0.5695,
        "revenue": 28.501,
        "operatingIncome": 1.43,
        "netIncome": 1.054,
        "mktcap": 91.4322,
        "sector": "Consumer Staples",
        "name": "Walgreen Boots"
      },
      {
        "stock": "WMT",
        "sentiment_score": 0.7518,
        "revenue": 115.904,
        "operatingIncome": 5.275,
        "netIncome": 3.079,
        "mktcap": 225.9881,
        "sector": "Consumer Staples",
        "name": "Walmart"
      },
      {
        "stock": "XOM",
        "sentiment_score": 0.6237,
        "revenue": 56.474,
        "operatingIncome": 4.24,
        "netIncome": 4.01,
        "mktcap": 347.4764,
        "sector": "Energy",
        "name": "ExxonMobil"
      }
    ]
  },
  {
    "quarter": "2017Q2",
    "data": [
      {
        "stock": "AAPL",
        "sentiment_score": 0.7622,
        "revenue": 52.896,
        "operatingIncome": 14.097,
        "netIncome": 11.029,
        "mktcap": 747.8674,
        "sector": "Technology",
        "name": "Apple"
      },
      {
        "stock": "AXP",
        "sentiment_score": 0.7019,
        "revenue": 8.829,
        "operatingIncome": 1.949,
        "netIncome": 1.34,
        "mktcap": 74.5524,
        "sector": "Financials",
        "name": "American Express"
      },
      {
        "stock": "BA",
        "sentiment_score": 0.702,
        "revenue": 22.739,
        "operatingIncome": 2.535,
        "netIncome": 1.761,
        "mktcap": 117.305,
        "sector": "Industrials",
        "name": "Boeing"
      },
      {
        "stock": "CAT",
        "sentiment_score": 0.6019,
        "revenue": 11.331,
        "operatingIncome": 1.251,
        "netIncome": 0.802,
        "mktcap": 63.5059,
        "sector": "Industrials",
        "name": "Caterpillar"
      },
      {
        "stock": "CSCO",
        "sentiment_score": 0.6159,
        "revenue": 11.58,
        "operatingIncome": 2.893,
        "netIncome": 2.348,
        "mktcap": 170.2819,
        "sector": "Technology",
        "name": "Cisco"
      },
      {
        "stock": "CVX",
        "sentiment_score": 0.5789,
        "revenue": 31.106,
        "operatingIncome": 0.398,
        "netIncome": 1.45,
        "mktcap": 197.7056,
        "sector": "Energy",
        "name": "Chevron"
      },
      {
        "stock": "DIS",
        "sentiment_score": 0.7326,
        "revenue": 13.336,
        "operatingIncome": 3.75,
        "netIncome": 2.388,
        "mktcap": 181.424,
        "sector": "Consumer Discretionary",
        "name": "Disney"
      },
      {
        "stock": "GE",
        "sentiment_score": 0.4386,
        "revenue": 29.261,
        "operatingIncome": 1.917,
        "netIncome": 1.367,
        "mktcap": 233.8511,
        "sector": "Industrials",
        "name": "General Electric"
      },
      {
        "stock": "GS",
        "sentiment_score": 0.3711,
        "revenue": 10.319,
        "operatingIncome": 2.509,
        "netIncome": 1.831,
        "mktcap": 86.1445,
        "sector": "Financials",
        "name": "Goldman Sachs"
      },
      {
        "stock": "HD",
        "sentiment_score": 0.6495,
        "revenue": 26.472,
        "operatingIncome": 4.103,
        "netIncome": 2.441,
        "mktcap": 150.7676,
        "sector": "Consumer Discretionary",
        "name": "Home Depot"
      },
      {
        "stock": "IBM",
        "sentiment_score": 0.7045,
        "revenue": 19.289,
        "operatingIncome": 2.149,
        "netIncome": 2.331,
        "mktcap": 143.3604,
        "sector": "Technology",
        "name": "IBM"
      },
      {
        "stock": "INTC",
        "sentiment_score": 0.6933,
        "revenue": 14.763,
        "operatingIncome": 3.827,
        "netIncome": 2.808,
        "mktcap": 158.5443,
        "sector": "Technology",
        "name": "Intel"
      },
      {
        "stock": "JNJ",
        "sentiment_score": 0.5432,
        "revenue": 18.839,
        "operatingIncome": 5.469,
        "netIncome": 3.827,
        "mktcap": 355.2238,
        "sector": "Healthcare",
        "name": "Johnson and Johnson"
      },
      {
        "stock": "JPM",
        "sentiment_score": 0.4279,
        "revenue": 28.912,
        "operatingIncome": 9.749,
        "netIncome": 7.029,
        "mktcap": 321.6333,
        "sector": "Financials",
        "name": "JP Morgan"
      },
      {
        "stock": "KO",
        "sentiment_score": 0.6513,
        "revenue": 9.702,
        "operatingIncome": 2.078,
        "netIncome": 1.371,
        "mktcap": 191.4198,
        "sector": "Consumer Staples",
        "name": "Coca Cola"
      },
      {
        "stock": "MCD",
        "sentiment_score": 0.7584,
        "revenue": 6.0497,
        "operatingIncome": 2.2951,
        "netIncome": 1.3951,
        "mktcap": 124.0596,
        "sector": "Consumer Discretionary",
        "name": "McDonald's"
      },
      {
        "stock": "MMM",
        "sentiment_score": 0.6278,
        "revenue": 7.81,
        "operatingIncome": 2.184,
        "netIncome": 1.583,
        "mktcap": 124.241,
        "sector": "Industrials",
        "name": "3M"
      },
      {
        "stock": "MRK",
        "sentiment_score": 0.523,
        "revenue": 9.93,
        "operatingIncome": 2.497,
        "netIncome": 1.946,
        "mktcap": 174.7817,
        "sector": "Healthcare",
        "name": "Merck"
      },
      {
        "stock": "MSFT",
        "sentiment_score": 0.6392,
        "revenue": 25.826,
        "operatingIncome": 7.905,
        "netIncome": 6.267,
        "mktcap": 508.6368,
        "sector": "Technology",
        "name": "Microsoft"
      },
      {
        "stock": "NKE",
        "sentiment_score": 0.7765,
        "revenue": 8.18,
        "operatingIncome": 1.111,
        "netIncome": 0.842,
        "mktcap": 82.9159,
        "sector": "Consumer Discretionary",
        "name": "Nike"
      },
      {
        "stock": "PFE",
        "sentiment_score": 0.5255,
        "revenue": 12.896,
        "operatingIncome": 3.75,
        "netIncome": 3.073,
        "mktcap": 199.7715,
        "sector": "Healthcare",
        "name": "Pfizer"
      },
      {
        "stock": "PG",
        "sentiment_score": 0.5915,
        "revenue": 16.856,
        "operatingIncome": 3.875,
        "netIncome": 7.875,
        "mktcap": 229.8017,
        "sector": "Consumer Staples",
        "name": "Proctor and Gamble"
      },
      {
        "stock": "TRV",
        "sentiment_score": 0.4505,
        "revenue": 7.184,
        "operatingIncome": 0.882,
        "netIncome": 0.595,
        "mktcap": 34.9096,
        "sector": "Financials",
        "name": "Travelers"
      },
      {
        "stock": "UNH",
        "sentiment_score": 0.7876,
        "revenue": 50.053,
        "operatingIncome": 3.731,
        "netIncome": 2.284,
        "mktcap": 178.9303,
        "sector": "Healthcare",
        "name": "United Healthcare"
      },
      {
        "stock": "UTX",
        "sentiment_score": 0.4293,
        "revenue": 15.28,
        "operatingIncome": 2.29,
        "netIncome": 1.439,
        "mktcap": 97.5381,
        "sector": "Industrials",
        "name": "United Technologies"
      },
      {
        "stock": "V",
        "sentiment_score": 0.5848,
        "revenue": 4.477,
        "operatingIncome": 2.808,
        "netIncome": 0.43,
        "mktcap": 196.0002,
        "sector": "Technology",
        "name": "Visa"
      },
      {
        "stock": "VZ",
        "sentiment_score": 0.6687,
        "revenue": 30.548,
        "operatingIncome": 8.232,
        "netIncome": 4.362,
        "mktcap": 182.1864,
        "sector": "Telecoms",
        "name": "Verizon"
      },
      {
        "stock": "WBA",
        "sentiment_score": 0.6482,
        "revenue": 29.446,
        "operatingIncome": 1.437,
        "netIncome": 1.06,
        "mktcap": 93.3505,
        "sector": "Consumer Staples",
        "name": "Walgreen Boots"
      },
      {
        "stock": "WMT",
        "sentiment_score": 0.7059,
        "revenue": 120.854,
        "operatingIncome": 6.165,
        "netIncome": 3.773,
        "mktcap": 215.5916,
        "sector": "Consumer Staples",
        "name": "Walmart"
      },
      {
        "stock": "XOM",
        "sentiment_score": 0.5991,
        "revenue": 55.236,
        "operatingIncome": 2.263,
        "netIncome": 3.35,
        "mktcap": 342.053,
        "sector": "Energy",
        "name": "ExxonMobil"
      }
    ]
  },
  {
    "quarter": "2017Q3",
    "data": [
      {
        "stock": "AAPL",
        "sentiment_score": 0.7556,
        "revenue": 45.408,
        "operatingIncome": 10.768,
        "netIncome": 8.717,
        "mktcap": 744.552,
        "sector": "Technology",
        "name": "Apple"
      },
      {
        "stock": "AXP",
        "sentiment_score": 0.6612,
        "revenue": 9.003,
        "operatingIncome": 1.827,
        "netIncome": 1.356,
        "mktcap": 78.7907,
        "sector": "Financials",
        "name": "American Express"
      },
      {
        "stock": "BA",
        "sentiment_score": 0.7417,
        "revenue": 24.309,
        "operatingIncome": 2.689,
        "netIncome": 1.853,
        "mktcap": 151.8526,
        "sector": "Industrials",
        "name": "Boeing"
      },
      {
        "stock": "CAT",
        "sentiment_score": 0.6386,
        "revenue": 11.413,
        "operatingIncome": 1.577,
        "netIncome": 1.059,
        "mktcap": 74.1942,
        "sector": "Industrials",
        "name": "Caterpillar"
      },
      {
        "stock": "CSCO",
        "sentiment_score": 0.513,
        "revenue": 11.94,
        "operatingIncome": 3.169,
        "netIncome": 2.515,
        "mktcap": 157.0642,
        "sector": "Technology",
        "name": "Cisco"
      },
      {
        "stock": "CVX",
        "sentiment_score": 0.5393,
        "revenue": 32.025,
        "operatingIncome": 0.38,
        "netIncome": 1.952,
        "mktcap": 223.1764,
        "sector": "Energy",
        "name": "Chevron"
      },
      {
        "stock": "DIS",
        "sentiment_score": 0.6686,
        "revenue": 14.238,
        "operatingIncome": 3.788,
        "netIncome": 2.366,
        "mktcap": 170,
        "sector": "Consumer Discretionary",
        "name": "Disney"
      },
      {
        "stock": "GE",
        "sentiment_score": 0.4302,
        "revenue": 31.327,
        "operatingIncome": 1.909,
        "netIncome": 1.836,
        "mktcap": 209.691,
        "sector": "Industrials",
        "name": "General Electric"
      },
      {
        "stock": "GS",
        "sentiment_score": 0.5022,
        "revenue": 11.007,
        "operatingIncome": 2.976,
        "netIncome": 2.128,
        "mktcap": 89.9184,
        "sector": "Financials",
        "name": "Goldman Sachs"
      },
      {
        "stock": "HD",
        "sentiment_score": 0.5588,
        "revenue": 23.154,
        "operatingIncome": 3.32,
        "netIncome": 1.969,
        "mktcap": 166.411,
        "sector": "Consumer Discretionary",
        "name": "Home Depot"
      },
      {
        "stock": "IBM",
        "sentiment_score": 0.6361,
        "revenue": 19.153,
        "operatingIncome": 2.81,
        "netIncome": 2.726,
        "mktcap": 134.3138,
        "sector": "Technology",
        "name": "IBM"
      },
      {
        "stock": "INTC",
        "sentiment_score": 0.6977,
        "revenue": 16.149,
        "operatingIncome": 5.115,
        "netIncome": 4.516,
        "mktcap": 178.2144,
        "sector": "Technology",
        "name": "Intel"
      },
      {
        "stock": "JNJ",
        "sentiment_score": 0.5401,
        "revenue": 19.65,
        "operatingIncome": 4.778,
        "netIncome": 3.764,
        "mktcap": 349.0745,
        "sector": "Healthcare",
        "name": "Johnson and Johnson"
      },
      {
        "stock": "JPM",
        "sentiment_score": 0.47,
        "revenue": 29.215,
        "operatingIncome": 9.556,
        "netIncome": 6.732,
        "mktcap": 331.3935,
        "sector": "Financials",
        "name": "JP Morgan"
      },
      {
        "stock": "KO",
        "sentiment_score": 0.608,
        "revenue": 9.078,
        "operatingIncome": 2.12,
        "netIncome": 1.447,
        "mktcap": 191.8326,
        "sector": "Consumer Staples",
        "name": "Coca Cola"
      },
      {
        "stock": "MCD",
        "sentiment_score": 0.755,
        "revenue": 5.7546,
        "operatingIncome": 3.0794,
        "netIncome": 1.8837,
        "mktcap": 124.9053,
        "sector": "Consumer Discretionary",
        "name": "McDonald's"
      },
      {
        "stock": "MMM",
        "sentiment_score": 0.7484,
        "revenue": 8.172,
        "operatingIncome": 2.041,
        "netIncome": 1.429,
        "mktcap": 125.0181,
        "sector": "Industrials",
        "name": "3M"
      },
      {
        "stock": "MRK",
        "sentiment_score": 0.6063,
        "revenue": 10.325,
        "operatingIncome": 0.114,
        "netIncome": -0.056,
        "mktcap": 174.5717,
        "sector": "Healthcare",
        "name": "Merck"
      },
      {
        "stock": "MSFT",
        "sentiment_score": 0.6138,
        "revenue": 23.212,
        "operatingIncome": 6.723,
        "netIncome": 5.486,
        "mktcap": 531.3124,
        "sector": "Technology",
        "name": "Microsoft"
      },
      {
        "stock": "NKE",
        "sentiment_score": 0.7829,
        "revenue": 8.432,
        "operatingIncome": 1.254,
        "netIncome": 1.141,
        "mktcap": 94.4283,
        "sector": "Consumer Discretionary",
        "name": "Nike"
      },
      {
        "stock": "PFE",
        "sentiment_score": 0.4816,
        "revenue": 13.168,
        "operatingIncome": 3.636,
        "netIncome": 2.84,
        "mktcap": 212.7973,
        "sector": "Healthcare",
        "name": "Pfizer"
      },
      {
        "stock": "PG",
        "sentiment_score": 0.6901,
        "revenue": 15.605,
        "operatingIncome": 3.36,
        "netIncome": 2.522,
        "mktcap": 222.5198,
        "sector": "Consumer Staples",
        "name": "Proctor and Gamble"
      },
      {
        "stock": "TRV",
        "sentiment_score": 0.3859,
        "revenue": 7.325,
        "operatingIncome": 0.415,
        "netIncome": 0.293,
        "mktcap": 33.546,
        "sector": "Financials",
        "name": "Travelers"
      },
      {
        "stock": "UNH",
        "sentiment_score": 0.786,
        "revenue": 50.322,
        "operatingIncome": 4.088,
        "netIncome": 2.485,
        "mktcap": 189.7786,
        "sector": "Healthcare",
        "name": "United Healthcare"
      },
      {
        "stock": "UTX",
        "sentiment_score": 0.5484,
        "revenue": 15.062,
        "operatingIncome": 2.163,
        "netIncome": 1.33,
        "mktcap": 92.698,
        "sector": "Industrials",
        "name": "United Technologies"
      },
      {
        "stock": "V",
        "sentiment_score": 0.6213,
        "revenue": 4.565,
        "operatingIncome": 3.024,
        "netIncome": 2.059,
        "mktcap": 218.4782,
        "sector": "Technology",
        "name": "Visa"
      },
      {
        "stock": "VZ",
        "sentiment_score": 0.6562,
        "revenue": 31.717,
        "operatingIncome": 7.208,
        "netIncome": 3.62,
        "mktcap": 201.8915,
        "sector": "Telecoms",
        "name": "Verizon"
      },
      {
        "stock": "WBA",
        "sentiment_score": 0.6337,
        "revenue": 30.118,
        "operatingIncome": 1.433,
        "netIncome": 1.162,
        "mktcap": 86.6992,
        "sector": "Consumer Staples",
        "name": "Walgreen Boots"
      },
      {
        "stock": "WMT",
        "sentiment_score": 0.7628,
        "revenue": 118.179,
        "operatingIncome": 5.119,
        "netIncome": 3.034,
        "mktcap": 203.4235,
        "sector": "Consumer Staples",
        "name": "Walmart"
      },
      {
        "stock": "XOM",
        "sentiment_score": 0.5794,
        "revenue": 58.551,
        "operatingIncome": 3.944,
        "netIncome": 3.97,
        "mktcap": 347.3493,
        "sector": "Energy",
        "name": "ExxonMobil"
      }
    ]
  },
  {
    "quarter": "2017Q4",
    "data": [
      {
        "stock": "AAPL",
        "sentiment_score": 0.7874,
        "revenue": 52.579,
        "operatingIncome": 13.12,
        "netIncome": 10.714,
        "mktcap": 790.0501,
        "sector": "Technology",
        "name": "Apple"
      },
      {
        "stock": "AXP",
        "sentiment_score": 0.6374,
        "revenue": 9.419,
        "operatingIncome": 1.821,
        "netIncome": -1.197,
        "mktcap": 85.3073,
        "sector": "Financials",
        "name": "American Express"
      },
      {
        "stock": "BA",
        "sentiment_score": 0.737,
        "revenue": 25.368,
        "operatingIncome": 3.03,
        "netIncome": 3.132,
        "mktcap": 174.3033,
        "sector": "Industrials",
        "name": "Boeing"
      },
      {
        "stock": "CAT",
        "sentiment_score": 0.6245,
        "revenue": 12.896,
        "operatingIncome": 1.161,
        "netIncome": -1.299,
        "mktcap": 94.1739,
        "sector": "Industrials",
        "name": "Caterpillar"
      },
      {
        "stock": "CSCO",
        "sentiment_score": 0.5829,
        "revenue": 12.133,
        "operatingIncome": 3.034,
        "netIncome": 2.424,
        "mktcap": 170.4629,
        "sector": "Technology",
        "name": "Cisco"
      },
      {
        "stock": "CVX",
        "sentiment_score": 0.6192,
        "revenue": 34.507,
        "operatingIncome": 0.419,
        "netIncome": 3.111,
        "mktcap": 238.4496,
        "sector": "Energy",
        "name": "Chevron"
      },
      {
        "stock": "DIS",
        "sentiment_score": 0.5838,
        "revenue": 12.779,
        "operatingIncome": 2.531,
        "netIncome": 1.747,
        "mktcap": 147.855,
        "sector": "Consumer Discretionary",
        "name": "Disney"
      },
      {
        "stock": "GE",
        "sentiment_score": 0.53,
        "revenue": 32.388,
        "operatingIncome": -12.051,
        "netIncome": -9.642,
        "mktcap": 151.476,
        "sector": "Industrials",
        "name": "General Electric"
      },
      {
        "stock": "GS",
        "sentiment_score": 0.3799,
        "revenue": 10.672,
        "operatingIncome": 3.108,
        "netIncome": -1.928,
        "mktcap": 95.4863,
        "sector": "Financials",
        "name": "Goldman Sachs"
      },
      {
        "stock": "HD",
        "sentiment_score": 0.592,
        "revenue": 22.207,
        "operatingIncome": 2.927,
        "netIncome": 1.744,
        "mktcap": 186.8517,
        "sector": "Consumer Discretionary",
        "name": "Home Depot"
      },
      {
        "stock": "IBM",
        "sentiment_score": 0.6959,
        "revenue": 22.543,
        "operatingIncome": 4.288,
        "netIncome": -1.054,
        "mktcap": 141.4807,
        "sector": "Technology",
        "name": "IBM"
      },
      {
        "stock": "INTC",
        "sentiment_score": 0.5854,
        "revenue": 17.053,
        "operatingIncome": 5.395,
        "netIncome": -0.687,
        "mktcap": 216.3519,
        "sector": "Technology",
        "name": "Intel"
      },
      {
        "stock": "JNJ",
        "sentiment_score": 0.6165,
        "revenue": 20.195,
        "operatingIncome": 2.884,
        "netIncome": -10.713,
        "mktcap": 374.8024,
        "sector": "Healthcare",
        "name": "Johnson and Johnson"
      },
      {
        "stock": "JPM",
        "sentiment_score": 0.555,
        "revenue": 28.119,
        "operatingIncome": 8.254,
        "netIncome": 4.232,
        "mktcap": 366.3015,
        "sector": "Financials",
        "name": "JP Morgan"
      },
      {
        "stock": "KO",
        "sentiment_score": 0.6667,
        "revenue": 7.512,
        "operatingIncome": 1.321,
        "netIncome": -2.752,
        "mktcap": 195.4029,
        "sector": "Consumer Staples",
        "name": "Coca Cola"
      },
      {
        "stock": "MCD",
        "sentiment_score": 0.8291,
        "revenue": 5.3402,
        "operatingIncome": 2.1442,
        "netIncome": 0.6987,
        "mktcap": 136.6805,
        "sector": "Consumer Discretionary",
        "name": "McDonald's"
      },
      {
        "stock": "MMM",
        "sentiment_score": 0.6389,
        "revenue": 7.99,
        "operatingIncome": 1.821,
        "netIncome": 0.523,
        "mktcap": 140.0179,
        "sector": "Industrials",
        "name": "3M"
      },
      {
        "stock": "MRK",
        "sentiment_score": 0.7137,
        "revenue": 10.433,
        "operatingIncome": 2.086,
        "netIncome": -0.872,
        "mktcap": 151.7383,
        "sector": "Healthcare",
        "name": "Merck"
      },
      {
        "stock": "MSFT",
        "sentiment_score": 0.6471,
        "revenue": 25.605,
        "operatingIncome": 7.682,
        "netIncome": 8.069,
        "mktcap": 575.0628,
        "sector": "Technology",
        "name": "Microsoft"
      },
      {
        "stock": "NKE",
        "sentiment_score": 0.8588,
        "revenue": 8.677,
        "operatingIncome": 1.158,
        "netIncome": 1.008,
        "mktcap": 87.0726,
        "sector": "Consumer Discretionary",
        "name": "Nike"
      },
      {
        "stock": "PFE",
        "sentiment_score": 0.5647,
        "revenue": 13.703,
        "operatingIncome": 2.285,
        "netIncome": 12.274,
        "mktcap": 216.5594,
        "sector": "Healthcare",
        "name": "Pfizer"
      },
      {
        "stock": "PG",
        "sentiment_score": 0.7099,
        "revenue": 16.079,
        "operatingIncome": 2.949,
        "netIncome": 2.215,
        "mktcap": 230.8124,
        "sector": "Consumer Staples",
        "name": "Proctor and Gamble"
      },
      {
        "stock": "TRV",
        "sentiment_score": 0.5631,
        "revenue": 7.451,
        "operatingIncome": 0.953,
        "netIncome": 0.551,
        "mktcap": 36.8127,
        "sector": "Financials",
        "name": "Travelers"
      },
      {
        "stock": "UNH",
        "sentiment_score": 0.758,
        "revenue": 52.061,
        "operatingIncome": 3.977,
        "netIncome": 3.617,
        "mktcap": 213.6257,
        "sector": "Healthcare",
        "name": "United Healthcare"
      },
      {
        "stock": "UTX",
        "sentiment_score": 0.4975,
        "revenue": 15.68,
        "operatingIncome": 1.952,
        "netIncome": 0.397,
        "mktcap": 101.945,
        "sector": "Industrials",
        "name": "United Technologies"
      },
      {
        "stock": "V",
        "sentiment_score": 0.4689,
        "revenue": 4.855,
        "operatingIncome": 3.212,
        "netIncome": 2.14,
        "mktcap": 207.1743,
        "sector": "Technology",
        "name": "Visa"
      },
      {
        "stock": "VZ",
        "sentiment_score": 0.6289,
        "revenue": 33.955,
        "operatingIncome": 4.793,
        "netIncome": 18.669,
        "mktcap": 215.9267,
        "sector": "Telecoms",
        "name": "Verizon"
      },
      {
        "stock": "WBA",
        "sentiment_score": 0.7092,
        "revenue": 130.936,
        "operatingIncome": 6.205,
        "netIncome": 3.757,
        "mktcap": 83.4437,
        "sector": "Consumer Staples",
        "name": "Walgreen Boots"
      },
      {
        "stock": "WMT",
        "sentiment_score": 0.6644,
        "revenue": 130.936,
        "operatingIncome": 6.205,
        "netIncome": 3.757,
        "mktcap": 227.2691,
        "sector": "Consumer Staples",
        "name": "Walmart"
      },
      {
        "stock": "XOM",
        "sentiment_score": 0.5437,
        "revenue": 66.515,
        "operatingIncome": 2,
        "netIncome": 8.38,
        "mktcap": 354.55,
        "sector": "Energy",
        "name": "ExxonMobil"
      }
    ]
  }
]
